1941 3294
363 310 428 347 146
633 312 1003 346 CHRONOGRAPHIA
1028 311 1182 344 REGUM
1205 311 1485 344 FRANCORUM.
1649 309 1754 356 [1398

361 392 584 438 Thomam
610 389 668 437 de
697 388 969 444 Molbradio,
1002 387 1170 435 ducem
1203 387 1626 446 Morduofflensem,
1657 405 1754 436 ma-

360 467 606 515 rescallum
626 466 861 521 comitem,
891 464 1057 511 falsum
1082 470 1128 511 et
1146 464 1380 512 infidelem
1400 464 1524 528 regis
1549 471 1596 512 et
1614 465 1756 512 totius

359 543 492 607 regni
517 542 694 606 Anglici
720 541 1027 605 proditorem.

424 623 526 667 Dux
551 625 707 667 autem
726 616 1093 665 Morduoldensis
1119 617 1165 663 in
1190 618 1429 680 presencia
1449 617 1572 680 regis
1592 633 1757 664 evoca-

358 701 451 752 tus,
483 696 543 742 de
573 695 837 758 proditione
867 709 916 740 se
945 693 1200 748 excusavit,
1236 693 1488 740 asserendo
1519 692 1650 739 illum
1673 692 1757 740 fal-

359 772 471 819 siter
505 771 647 818 fuisse
684 770 929 816 mentitum
968 774 1014 815 et
1050 775 1245 831 propter
1294 770 1381 816 hoc
1419 768 1477 816 ad
1521 768 1755 832 singulare

357 854 592 895 certamen
619 852 892 910 prumptum
918 861 967 892 se
994 861 1097 892 esse
1122 845 1239 893 dixit
1268 852 1314 892 et
1339 850 1553 908 paratum
1579 845 1754 892 deffen-

357 924 468 971 dere
494 930 654 971 contra
673 938 797 969 eum.
821 921 988 969 Audita
1007 921 1162 983 itaque
1179 922 1420 984 utriusque
1439 921 1585 984 partis
1604 937 1756 968 asser-

356 1001 504 1057 cione,
524 1015 610 1046 rex
630 998 738 1046 fecit
754 1004 1006 1060 utrumque
1022 998 1239 1044 arrestari
1257 1014 1342 1060 per
1356 997 1521 1045 ducem
1536 997 1756 1045 Sudrien-

356 1079 483 1124 sem¹
528 1092 584 1123 eo
626 1081 736 1122 tunc
774 1074 935 1138 Anglie
981 1074 1320 1121 marescallum.
1369 1074 1458 1122 Sed
1506 1074 1615 1138 quia
1659 1075 1755 1122 dux

354 1152 664 1201 Arvordensis
698 1151 997 1214 fidejussores
1028 1167 1199 1213 corpus
1237 1167 1325 1212 pro
1364 1167 1564 1213 corpore
1596 1150 1757 1198 habuit

354 1228 449 1291 iiij0r
477 1227 636 1283 duces,
666 1226 840 1273 scilicet
871 1232 1054 1288 patrem
1080 1231 1124 1272 et
1155 1231 1373 1288 patruum
1407 1241 1543 1272 suum
1574 1226 1757 1272 Linces-

354 1312 562 1352 trensem
579 1310 625 1350 et
641 1303 982 1350 Eboracensem
1001 1308 1048 1349 et
1063 1302 1315 1349 Albemalle
1335 1301 1755 1349 conestabularium

355 1398 407 1428 ac
434 1381 733 1428 Sudriensem
754 1379 1092 1433 marescallum,
1117 1379 1329 1426 discessit
1355 1385 1401 1425 et
1428 1395 1515 1441 pro
1540 1378 1628 1425 alio
1653 1378 1756 1425 nul-

353 1457 422 1504 los
448 1457 747 1521 fidejussores
771 1471 857 1502 rex
899 1456 1110 1518 recipere
1145 1455 1322 1511 volens,
1358 1455 1443 1502 sub
1474 1454 1683 1503 custodia
1708 1454 1755 1501 in

354 1540 559 1581 castrum
587 1549 724 1581 suum
758 1533 817 1580 de
849 1532 1179 1580 Windesores2
1213 1531 1388 1578 ibidem
1425 1531 1755 1595 imprisionan-

353 1609 467 1656 dum
492 1609 631 1666 misit,
661 1609 740 1655 ubi
766 1607 1069 1671 postmodum
1102 1623 1165 1653 xv
1196 1607 1362 1655 diebus
1397 1607 1556 1670 lapsis,
1590 1623 1702 1671 rege
1728 1624 1754 1654 a

352 1684 643 1731 Parlamento
684 1684 807 1731 dicto
837 1699 1030 1730 reverso
1061 1688 1107 1729 et
1140 1682 1315 1730 ibidem
1351 1683 1397 1729 in
1437 1682 1551 1731 solio
1572 1681 1754 1746 justicie

352 1760 585 1818 sedente3,
622 1760 879 1808 astantibus
910 1760 1089 1823 patruis
1128 1759 1223 1806 suis
1258 1758 1454 1806 ducibus
1491 1759 1750 1816 antedictis,

351 1837 720 1884 conestabulario
758 1842 897 1900 atque
936 1835 1207 1883 marescallo
1250 1852 1303 1882 ac
1341 1835 1440 1882 aliis
1476 1834 1747 1893 baronibus,

352 1913 541 1976 prelatis
565 1919 611 1961 et
637 1913 734 1960 aliis
759 1912 1132 1976 quamplurimis,
1161 1918 1362 1975 utroque
1393 1912 1511 1959 duce
1544 1912 1591 1959 in
1618 1912 1754 1976 plena

350 1990 592 2036 audiencia
640 1990 868 2045 evocatis,
914 1990 1032 2036 scire
1080 1989 1225 2035 voluit
1269 2005 1430 2036 causas
1477 1988 1752 2036 eorumdem

350 2065 626 2129 appellantis
653 2066 826 2113 scilicet
851 2072 896 2113 et
924 2065 1251 2113 deffendentis.

416 2144 541 2189 Tunc
567 2142 662 2189 dux
695 2141 923 2190 Arvordie
958 2142 1179 2188 assistens
1214 2141 1462 2204 proposuit
1492 2141 1620 2204 quod
1654 2141 1751 2189 dux

350 2218 721 2265 Morduoldensis
740 2225 864 2266 esset
888 2218 1086 2265 traditor
1112 2225 1157 2265 et
1182 2218 1380 2265 infidelis
1403 2225 1565 2265 contra
1589 2235 1749 2283 regem

350 2301 396 2341 et
421 2300 573 2342 totum
597 2312 812 2360 regnum,
842 2294 1118 2342 affirmando
1146 2294 1258 2342 illud
1280 2294 1407 2358 quod
1433 2295 1534 2358 ipse
1558 2311 1750 2359 recepe—

348 2376 421 2418 rat
457 2389 483 2418 a
515 2388 628 2436 rege
665 2371 900 2436 octoginta
931 2372 1056 2418 milia
1087 2371 1313 2419 nobilium
1348 2371 1448 2419 auri
1481 2371 1540 2419 ad
1567 2371 1752 2419 solven-

398 2543 430 2578 1.
453 2542 507 2579 Le
537 2546 662 2579 comte
691 2541 736 2577 de
767 2540 911 2588 Surrey
940 2541 1070 2578 venait
1091 2541 1208 2578 d’etre
1229 2542 1314 2578 eree
1340 2541 1536 2578 marechal
1562 2541 1747 2588 d’Angle-

351 2606 469 2643 terre3
494 2612 536 2636 sa
556 2600 798 2636 nominatior]
817 2606 875 2636 est
895 2599 945 2635 du
967 2600 1006 2636 31
1027 2600 1180 2647 janvier
1201 2600 1290 2637 1398
1314 2601 1366 2646 (n.
1390 2602 1465 2644 sn).

397 2661 431 2696 2.
455 2660 657 2696 Windsor.

398 2719 433 2754 3.
454 2718 499 2755 29
520 2718 616 2755 avril
638 2717 741 2754 1398.
