1941 3294
173 272 276 318 1395]
441 274 811 307 CHRONOGRAPHIA
836 273 989 306 REGUM
1013 273 1293 305 FRANGORUM.
1508 270 1574 306 125

172 355 459 419 nonagesimi
486 353 555 412 va,
589 352 717 400 dedit
748 352 884 400 dictis
914 352 1110 400 ducibus
1141 368 1423 415 responsum
1457 369 1576 416 pure

171 432 458 496 negativum.
493 434 559 479 Eo
590 436 702 477 tunc
739 429 982 477 combusta
1018 429 1104 477 fuit
1139 446 1232 476 una
1275 445 1384 492 pars
1419 428 1576 492 pontis

171 508 518 564 Avinionensis‚
571 506 696 554 unde
743 506 968 571 indignati
1017 506 1162 570 [sunt]
1216 506 1383 569 prefati
1434 505 1576 553 duces

172 589 219 632 et
243 584 354 632 dicti
391 583 529 648 legati
561 582 686 647 regis
720 583 928 638 Francic,
964 582 1048 630 sed
1080 582 1345 630 nescierunt
1377 581 1457 644 qui
1489 582 1578 628 hoc

172 661 397 708 fecerunt.

237 741 332 789 Hiis
360 741 526 789 diebus
555 740 877 788 conclusiones
907 740 1249 804 suprascriptas
1274 745 1437 787 contra
1464 738 1579 786 deli-

170 818 461 865 berationem
498 817 675 864 consilii
713 817 838 881 regis
876 822 922 864 et
956 817 1280 866 Universitatis
1309 815 1578 863 parisiensis

171 894 328 957 posuit
364 894 507 941 frater
540 893 776 942 Johannes
815 894 1054 951 Hatonis1‚
1097 893 1274 941 ordinis
1311 892 1580 941 Predicato-

170 987 294 1028 rum,
315 987 446 1018 sacre
463 970 695 1035 theologie
718 970 940 1035 magister
959 975 1004 1017 et
1024 970 1383 1034 penitenciarius
1401 969 1578 1017 domini

170 1051 311 1111 Pape,
352 1054 542 1111 paratus
580 1064 659 1095 eas
697 1047 962 1095 deffendere
1001 1054 1047 1094 et
1085 1053 1245 1094 tenere
1282 1047 1328 1094 in
1369 1047 1579 1094 favorem

171 1124 383 1172 veritatis
428 1124 651 1172 catholice
694 1130 740 1171 et
788 1124 1076 1171 auctoritatis
1120 1123 1374 1187 apostolice
1417 1129 1579 1170 contra

171 1217 495 1264 quoscumque
543 1201 776 1248 contraria
825 1201 1110 1257 sencientes‚
1162 1199 1480 1247 submittendo
1529 1215 1579 1246 se

171 1283 328 1325 tamen
367 1277 414 1324 in
441 1277 658 1324 omnibus
691 1277 961 1324 reverencie
993 1283 1040 1332 et
1071 1277 1349 1324 correctioni
1386 1292 1579 1324 suorum

171 1353 488 1417 superiorum.

241 1454 262 1480 α
292 1435 501 1483 Christus
532 1435 596 1482 ita
629 1452 741 1483 vere
773 1435 902 1483 dedit
932 1435 1086 1483 claves
1117 1435 1320 1482 Ecclesie
1352 1435 1429 1482 uni
1463 1434 1582 1482 sicut

177 1530 197 1556 α
228 1511 392 1558 unitati
418 1517 464 1558 et
490 1511 570 1574 qui
594 1511 895 1575 pertinaciter
925 1511 1063 1575 hujus
1088 1510 1360 1574 oppositum
1395 1510 1578 1568 asserit,

178 1607 198 1632 «ι
230 1587 462 1635 hereticus
488 1595 576 1635 est.

242 1689 263 1714 «ι
295 1670 381 1727 Qui
416 1670 528 1717 dicit
562 1669 690 1733 quod
731 1669 925 1734 quilibet
952 1669 1213 1732 impediens
1247 1669 1322 1717 vel
1361 1668 1581 1716 differens

176 1767 196 1792 «x
231 1746 454 1794 unionem
482 1746 684 1794 Ecclesie
713 1763 772 1793 ex
799 1749 886 1793 hoc
911 1752 981 1793 est
1009 1745 1298 1793 scismaticus
1322 1752 1368 1793 et
1394 1746 1582 1793 anathe-

175 1842 196 1867 α
228 1822 534 1879 matizandus,
564 1822 702 1869 nimis
724 1822 1006 1886 generaliter
1032 1822 1238 1885 loquitur
1264 1828 1310 1869 et
1335 1821 1583 1870 temerarie

177 1919 196 1944 α
230 1899 396 1946 falsum
440 1900 658 1946 affirmat.
706 1899 796 1946 Sed
834 1899 871 1945 si
909 1898 1084 1946 diceret
1126 1899 1192 1946 sic
1232 1917 1240 1945 :
1288 1899 1488 1956 Quilibet
1525 1915 1583 1946 ex

175 1996 196 2021 ε
228 1982 354 2024 certa
381 1976 595 2033 sciencia,
626 1976 699 2023 vel
726 1993 868 2039 quem
893 1993 985 2023 non
1019 1982 1265 2024 excusaret
1294 1976 1580 2040 ignorancia‚

178 2073 197 2098 α
230 2070 315 2100 nec
343 2059 414 2100 est
440 2053 670 2100 dilationis
697 2053 848 2117 aliqua
874 2069 1013 2100 causa
1042 2052 1187 2116 justa,
1222 2052 1484 2116 impediens
1508 2052 1581 2099 vel

178 2149 198 2174 α
231 2130 451 2177 differens
478 2130 696 2177 unionem
725 2130 946 2187 Ecclesie‚
976 2136 1049 2178 est
1080 2130 1373 2179 scismaticus
1399 2136 1445 2177 et
1475 2146 1585 2176 ana-

179 2226 199 2250 «
230 2206 622 2260 thematizandus,
677 2223 813 2254 suum
864 2206 1041 2254 dictum
1086 2207 1293 2253 colorem
1337 2206 1584 2270 aliqualem

179 2304 199 2328 ε(
231 2283 439 2330 haberet.
464 2287 514 2330 In
541 2283 741 2331 diversis
767 2291 922 2331 tamen
942 2283 1128 2332 casibus
1153 2284 1426 2332 instanciam
1449 2300 1587 2347 cape-

180 2380 199 2404 «
231 2367 304 2407 ret
330 2366 375 2407 et
398 2360 591 2407 veritate
618 2367 815 2408 careret.

244 2462 264 2487 α
296 2443 374 2490 Illa
405 2443 705 2507 congregatio
738 2460 829 2506 que
861 2443 907 2490 in
945 2444 1142 2507 epistola
1181 2443 1431 2507 incipiente
1467 2443 1532 2490 sic
1571 2461 1580 2490 :

181 2540 200 2563 <t
230 2519 620 2568 Christianissimo
649 2536 700 2567 ac
724 2520 960 2585 religionis
987 2521 1268 2578 orthodoxe,
1304 2527 1415 2576 etc.‚
1446 2520 1586 2567 missa

227 2691 260 2726 1.
284 2690 338 2726 La
360 2692 567 2736 Chronique
587 2691 638 2726 du
658 2693 845 2737 Reliyieuoe
857 2694 899 2728 de
920 2692 1169 2739 Satnt-Denys
1189 2692 1242 2728 dit
1257 2691 1347 2739 qu‘il
1364 2692 1456 2728 etait
1476 2691 1585 2728 d'ori-

181 2749 270 2797 gine
292 2750 463 2797 anglaisc
488 2755 526 2792 (t.
550 2750 602 2795 ΙΙ,
624 2761 659 2797 p.
682 2750 779 2797 298).
