1941 3294
324 317 390 354 128
592 320 961 352 CHRONOGRAPHIA
987 318 1139 350 REGUM
1164 318 1442 350 FRANCORUM.
1613 316 1717 362 [1395

391 418 412 444 <1
444 399 669 463 Quodque
709 402 832 462 Papa
873 397 951 460 qui
977 396 1150 460 juravit
1186 413 1273 459 pro
1311 396 1482 444 unione
1518 398 1719 445 Ecclesie

326 493 347 518 c<
378 474 543 523 cedere
569 474 992 538 quocienscumque
1019 471 1210 535 collegio
1241 471 1541 518 dominorum
1571 473 1720 520 cardi-

325 569 345 595 «
379 550 550 597 nalium
577 551 649 597 vel
681 549 845 614 majori
870 547 989 611 parti
1016 563 1180 594 eorum
1209 548 1448 595 videretur
1474 548 1714 611 expedire,

326 646 346 671 <x
378 627 609 692 obligatur
628 631 723 674 Deo
743 631 939 690 propter
952 624 1296 687 jusjurandum,
1324 641 1429 672 cum
1450 625 1573 672 istud
1595 625 1722 688 jura-

325 723 345 748 «
376 710 586 751 mentum
630 704 855 766 dirigetur
892 701 939 747 in
975 703 1123 747 Deum
1166 701 1499 764 principaliter,
1545 707 1592 748 et
1627 705 1722 749 Deo

326 799 345 824 a
378 779 692 843 principaliter
717 778 949 841 obligetur
979 782 1025 822 et
1050 776 1249 823 Ecclesie
1276 776 1488 823 militanti
1520 776 1566 823 in
1594 777 1722 840 cujus

325 876 344 900 α
378 857 585 903 favorem
616 854 769 901 fienda
797 858 868 900 est
898 852 1033 908 unio;
1062 869 1147 900 nec
1176 853 1265 900 tale
1294 853 1611 916 juramentum
1638 870 1723 917 per

325 951 344 976 (ι
376 932 611 978 hominem
637 936 708 977 est
727 929 1021 984 remissibile,
1050 928 1209 992 sicque
1233 935 1409 976 rectam
1436 930 1571 976 aliam
1599 929 1723 976 viam

323 1027 343 1051 (ι
375 1007 620 1054 admittere
662 1023 755 1053 non
793 1010 979 1052 tenetur
1016 1021 1122 1052 cum
1163 1022 1248 1069 per
1288 1005 1516 1068 premissa
1552 1005 1611 1053 sit
1645 1005 1723 1070 jus

324 1103 343 1127 «
374 1084 607 1146 quesitum
628 1082 810 1131 Christo
831 1088 876 1129 et
899 1081 1117 1138 Ecclesie,
1148 1098 1319 1144 sponse
1341 1098 1439 1129 sue.

387 1179 407 1204 <x
437 1160 663 1223 Quodque
709 1163 832 1222 Papa
878 1158 957 1221 qui
999 1158 1172 1221 juravit
1215 1157 1382 1205 cedere
1424 1174 1512 1221 pro
1555 1159 1723 1206 unione

322 1256 341 1281 «
375 1237 576 1284 Ecclesie
603 1236 1027 1299 quocienscumque
1053 1234 1264 1298 collegiO,
1295 1240 1407 1290 etc.;
1436 1235 1525 1281 hoc
1547 1234 1649 1281 viso
1677 1240 1724 1282 et

322 1333 342 1357 «
374 1313 630 1360 deliberato
664 1328 751 1376 per
783 1312 976 1359 eosdem
1006 1310 1281 1367 cardinales,
1321 1316 1504 1358 tenetur
1536 1311 1719 1368 cedere,

323 1410 341 1434 «
376 1397 420 1437 et
462 1405 686 1453 expresse
724 1404 960 1454 recusans,
1001 1387 1217 1451 parjurus
1251 1394 1297 1434 et
1323 1387 1520 1434 infidelis
1557 1390 1648 1434 Deo
1678 1393 1726 1435 et

322 1486 342 1511 «
374 1466 640 1513 hominibus
671 1471 717 1512 et
742 1465 861 1511 male
889 1464 1101 1511 senciens
1126 1464 1170 1510 in
1203 1463 1296 1511 fide
1330 1469 1377 1510 et
1402 1470 1640 1526 tamquam
1667 1464 1724 1511 de

322 1563 342 1588 α
370 1543 462 1590 fide
479 1548 724 1606 suspectus
744 1547 899 1605 potest
919 1541 977 1589 de
997 1540 1149 1588 heresi
1169 1540 1372 1597 acusari3
1396 1546 1442 1587 et
1462 1540 1549 1587 nisi
1570 1540 1720 1597 cedat,

322 1640 341 1664 (ς
374 1636 594 1667 recusans
622 1618 939 1682 pertinaciter,
969 1624 1209 1681 tamquam
1234 1617 1465 1665 hereticus
1489 1617 1547 1664 de
1572 1617 1724 1665 consi-

323 1716 342 1742 «
372 1697 434 1744 lio
460 1696 748 1760 prelatorum
773 1694 1098 1742 declarandus.

387 1793 408 1818 <‹
437 1772 569 1831 Quod
595 1772 699 1819 talis
727 1772 773 1818 in
800 1774 972 1834 Papam
1008 1787 1060 1818 ea
1092 1770 1347 1817 intentione
1379 1770 1506 1833 quod
1537 1771 1726 1819 cederet

321 1869 341 1894 a
375 1849 799 1913 quocienscumque
843 1846 1059 1911 collegio,
1108 1853 1220 1902 etc.;
1265 1864 1350 1894 nec
1390 1847 1522 1894 aliter
1564 1847 1725 1894 fuisset

321 1946 342 1971 c<
374 1926 562 1981 electus,
593 1925 651 1971 de
678 1941 769 1987 qua
795 1923 1058 1971 intencione
1083 1929 1278 1986 apparet
1298 1939 1382 1986 per
1407 1923 1724 1986 juramentum

320 2021 341 2045 c<
373 2002 585 2064 ipsorum
619 1999 942 2053 cardinalium,
987 1998 1024 2044 si
1062 2004 1169 2060 post
1203 1999 1503 2060 pertinaciter
1537 2004 1722 2045 contra-

321 2098 340 2122 «
372 2077 483 2125 dicit
505 2076 671 2124 cedere
696 2075 948 2138 requisitus
974 2074 1275 2130 sollemniter,
1300 2082 1486 2122 extunc
1507 2075 1611 2122 talis
1631 2092 1723 2122 non

322 2173 342 2199 <x
374 2160 443 2200 est
477 2152 765 2216 reputandus
794 2155 918 2214 Papa
949 2151 1031 2198 sed
1064 2151 1122 2198 ab
1154 2151 1252 2214 ejus
1284 2151 1553 2199 obediencia
1582 2152 1725 2199 libere

321 2250 341 2275 (ι
375 2229 528 2277 recedi
553 2235 709 2292 potest
734 2228 879 2275 eciam
907 2227 1005 2275 sine
1027 2227 1355 2284 declaratione,
1380 2228 1572 2275 veniens
1593 2234 1726 2275 noto-

321 2327 341 2352 «
373 2307 441 2354 rie
468 2313 628 2353 contra
646 2305 965 2370 juramentum
991 2321 1127 2351 suum
1148 2305 1413 2367 proprium,
1437 2312 1508 2352 est
1536 2305 1724 2369 proprie

321 2403 341 2428 α
372 2383 648 2431 criminosus
673 2381 868 2429 crimine
901 2381 1105 2444 pessimo
1131 2388 1176 2428 et
1203 2398 1582 2444 perconsequens
1613 2398 1723 2429 con-

320 2479 340 2505 «
372 2466 534 2508 tumax
561 2465 607 2506 et
638 2458 839 2515 rebellis,
874 2457 1033 2520 sicque
1059 2458 1346 2505 contumacia
1373 2457 1555 2505 notoria
1583 2474 1725 2520 super

321 2556 341 2580 (ι
371 2542 468 2583 tam
498 2534 682 2582 notorio
709 2533 903 2581 crimine
928 2539 998 2580 est
1028 2533 1203 2580 heresis
1235 2540 1279 2581 et
1314 2539 1554 2597 tamquam
1586 2533 1719 2581 here-

322 2631 343 2656 «
375 2611 492 2659 ticus
513 2617 584 2658 est
610 2608 851 2657 habendus
871 2614 917 2655 et
938 2608 1312 2671 persequendus,

390 2707 409 2731 «
442 2687 667 2750 Quodque
692 2686 933 2750 parjurum
960 2685 1151 2748 respicit
1171 2685 1345 2733 directe
1366 2685 1724 2733 irreverenciam

327 2785 346 2809 α
378 2782 468 2829 que
501 2765 693 2828 proprie
726 2769 796 2811 est
826 2762 1038 2827 religioni
1067 2763 1297 2810 contraria
1333 2762 1570 2826 principes
1596 2777 1727 2810 secu-
