1941 3294
291 233 358 271 ”270
562 238 930 271 CHRONOGRAPHIA
955 238 1105 270 REGUM
1129 239 1405 272 FRANGORUM.
1576 236 1681 283 [1405

288 314 553 378 presidente
572 315 845 362 Parlamenti
861 331 912 361 ac
930 314 1029 360 aliis
1042 315 1274 363 officiariis
1294 315 1434 379 regiis
1448 316 1505 362 ad
1526 317 1683 380 hospi-

286 391 409 438 cium
423 391 574 438 Sancti
590 391 713 438 Pauli
727 397 772 438 et
785 391 1091 447 introeuntes,
1109 408 1191 438 rex
1206 392 1445 439 descendit
1459 392 1503 438 in
1519 409 1682 455 quem-

286 467 394 514 dam
419 472 575 515 ortum
600 467 760 515 subter
786 483 1017 514 cameram
1042 484 1173 514 suam
1197 473 1244 515 et
1269 468 1332 515 ibi
1358 468 1570 516 fecerunt
1596 468 1684 515 sibi

286 543 514 607 homagia,
547 542 718 590 scilicet
743 543 839 589 dux
875 543 1141 606 Burgundie
1168 543 1225 590 de
1252 544 1420 591 ducatu
1447 561 1532 591 suo
1568 547 1684 591 Bur-

285 619 456 683 gundie
481 620 866 681 comitatibusque
891 619 1103 665 Flandrie
1126 624 1171 666 et
1190 620 1406 675 Arthesii‚
1430 620 1526 667 dux
1551 625 1685 668 Lem-

286 696 422 760 burgi
453 696 510 743 de
545 713 629 743 suo
669 695 890 742 comitatu
922 695 980 742 de
1018 696 1147 743 Retel
1177 702 1222 743 et
1256 697 1493 760 Philippus
1532 697 1686 744 minor

285 772 343 819 de
380 773 599 819 comitatu
641 789 724 819 suo
759 771 1048 818 Nivernensi.
1084 772 1152 818 Ibi
1189 789 1377 835 quoque
1418 773 1549 819 multi
1590 779 1683 820 tam

285 848 461 895 nobiles
481 864 621 910 quam
641 847 883 911 ignobiles,
908 852 1064 894 tamen
1084 848 1260 910 absque
1286 849 1463 896 cutellis
1484 865 1566 896 seu
1590 849 1686 913 gla-

286 924 372 970 diis
386 940 523 970 causa
540 924 680 987 regis,
695 923 753 970 ad
767 923 854 970 hoc
866 923 1119 971 videndum
1135 924 1351 986 permissi
1368 931 1474 972 sunt
1491 925 1681 972 intrare.

285 1000 383 1055 Quo
410 998 528 1045 facto
555 1004 600 1045 et
626 998 791 1045 litteris
817 998 876 1046 de
903 1015 985 1045 sua
1008 998 1248 1062 diligencia
1274 1017 1300 1046 a
1325 1016 1436 1063 rege
1463 1000 1550 1046 sibi
1576 1016 1686 1047 con—

285 1074 444 1128 cessiS‚
481 1074 688 1121 fecerunt
719 1074 864 1121 eciam
901 1074 965 1121 ibi
1001 1075 1215 1138 homagia
1252 1076 1351 1139 regi
1388 1075 1577 1138 quidam
1613 1075 1686 1122 alii

286 1150 459 1197 domini
479 1150 770 1197 diversarum
796 1150 1055 1214 regionum,
1087 1152 1381 1213 presentibus
1406 1151 1542 1199 dictis
1559 1151 1687 1215 prin-

286 1226 484 1289 cipibus.

351 1305 615 1350 Attraxerat
634 1320 836 1366 namque
854 1303 941 1350 sibi
958 1303 1082 1350 idem
1100 1303 1195 1351 dux
1211 1304 1476 1368 Burgundie
1494 1321 1688 1369 magnas

287 1379 444 1442 copias
475 1379 714 1427 hominum
747 1396 1003 1436 armorum,
1033 1380 1078 1426 in
1113 1385 1294 1427 tantum
1327 1381 1454 1443 quod
1485 1381 1688 1429 habebat

288 1472 444 1502 secum
469 1462 565 1502 tam
591 1456 636 1502 in
663 1456 862 1503 Parisius
885 1473 1025 1518 quam
1051 1457 1097 1503 in
1123 1457 1316 1504 circuitu
1337 1457 1396 1504 ad
1417 1457 1688 1505 soldariatas

288 1549 371 1579 sex
408 1532 530 1578 milia
569 1532 919 1579 bachinetorum
952 1533 1194 1580 hominum
1227 1549 1463 1580 armorum
1502 1533 1560 1580 de
1595 1534 1689 1581 suis

289 1607 425 1655 terris
448 1614 493 1654 et
517 1607 615 1654 aliis
641 1608 915 1665 convicinis3
946 1609 1068 1655 inter
1087 1625 1205 1672 quos
1225 1610 1490 1656 eminebant
1510 1610 1690 1673 episco-

290 1700 377 1746 pus
401 1683 684 1740 Leodiensis‚
709 1700 866 1731 comes
891 1684 1124 1732 Clevensis
1150 1690 1196 1732 et
1217 1685 1407 1747 quidam
1432 1685 1523 1733 alii.

354 1761 467 1807 Cum
494 1760 648 1822 itaque
672 1759 767 1807 dux
788 1760 1130 1808 Aurelianensis
1156 1767 1202 1807 et
1226 1761 1385 1824 regina
1411 1761 1616 1818 Francie‚
1640 1768 1692 1809 ut

289 1835 463 1882 dictum
501 1841 586 1892 est,
626 1835 853 1898 fugissent
892 1836 937 1882 in
976 1836 1213 1883 castellum
1250 1836 1494 1894 Meleduni,
1536 1837 1691 1884 statim

289 1911 627 1959 mandaverunt
641 1927 800 1974 regem
813 1911 959 1958 Sicilie
972 1913 1049 1975 qui
1062 1928 1214 1975 nuper
1227 1918 1483 1961 recesserat
1497 1913 1555 1961 de
1567 1914 1692 1960 Pari-

291 1989 385 2035 sius
401 1994 446 2034 et
470 2004 518 2034 se
539 1987 816 2050 disponebat
830 1988 887 2034 ad
903 1988 1108 2035 eundum
1128 2005 1234 2036 cum
1253 1989 1518 2037 hominibus
1538 2006 1692 2037 armo-

289 2081 395 2111 rum
409 2065 456 2110 in
473 2081 607 2124 suum
626 2081 820 2128 regnum
837 2065 1212 2128 Neapolitanum3
1230 2066 1515 2129 veniensque
1533 2066 1692 2114 celeri-

290 2146 362 2187 ter
375 2140 683 2197 Meledunum,
703 2157 812 2188 suos
831 2141 1041 2188 homines
1055 2159 1295 2189 armorum
1307 2143 1498 2190 tradidit
1513 2143 1691 2206 prefate

291 2213 448 2281 regine
474 2217 681 2273 Francie‚
717 2223 763 2264 et
797 2218 897 2280 ipse
930 2219 1056 2266 venit
1090 2219 1289 2267 Parisius
1321 2224 1368 2267 et
1403 2220 1448 2267 in
1484 2219 1692 2284 hospicio

292 2310 399 2349 suo,
436 2293 690 2357 vulgariter
729 2294 994 2357 Andegavie
1031 2295 1173 2352 dicto,
1221 2313 1269 2343 se
1310 2296 1494 2343 locavit.
1536 2296 1690 2344 Eciam

294 2387 491 2433 namque
518 2370 643 2417 idem
662 2369 755 2417 dux
777 2371 1117 2419 Aurelianensis
1139 2372 1375 2420 mandavit
1394 2389 1481 2435 pro
1502 2389 1691 2436 magna-

295 2447 417 2494 tibus
444 2452 489 2493 et
514 2447 729 2510 gentibus
755 2463 994 2494 armorum
1021 2448 1078 2495 ab
1105 2449 1229 2495 omni
1258 2453 1410 2512 parte.

357 2526 482 2570 Tunc
493 2522 785 2585 Harpedaine
799 2539 903 2570 cum
918 2524 1133 2572 omnibus
1149 2525 1244 2572 suis
1257 2525 1523 2573 hominibus
1538 2541 1692 2572 armo-

293 2616 399 2647 rum
420 2600 476 2647 de
503 2599 726 2647 fronteria
751 2599 957 2647 Picardie
981 2601 1190 2659 recessit,
1214 2602 1339 2648 omni
1363 2601 1569 2666 periculo
1590 2617 1692 2648 eam

294 2676 592 2740 exponend0‚
611 2682 657 2724 et
670 2675 727 2724 ad
745 2676 899 2740 ipsum
912 2677 1104 2725 accessit
1122 2678 1432 2736 Meledunum,
1453 2678 1530 2726 ubi
1545 2678 1694 2726 eciam
