1941 3294
352 323 396 358 98
630 326 1000 359 GHRONOGRAPHIA
1025 326 1178 358 REGUM
1201 326 1480 359 FRANCORUM.
1644 322 1749 369 [1390

350 404 603 461 februario,
624 405 747 468 apud
770 404 901 451 Saint·
925 404 1195 467 Inqleverffl,
1219 405 1411 452 domum
1435 405 1749 467 quorumdam

350 481 677 545 religiosorum
707 481 829 528 inter
856 480 1093 528 Boloniam
1124 497 1265 544 supra
1290 484 1413 528 Mare
1445 486 1491 528 et
1516 481 1750 529 Kalesium

351 557 504 613 sitam,
529 557 874 613 convenientes,
900 556 1073 618 ubique
1093 572 1152 603 ex
1171 563 1305 619 parte
1322 573 1487 604 eorum
1504 557 1753 621 precogni-

351 633 528 681 zatione
556 633 765 696 predicta
791 634 909 680 facta
942 632 988 678 in
1023 632 1180 696 regnis
1214 640 1260 679 et
1292 632 1560 696 regionibus
1585 649 1754 696 supra-

349 710 483 757 dictis
516 726 602 773 per
635 709 865 757 hiraldum
898 707 1030 755 ducis
1068 708 1338 765 Lincestrie,
1377 709 1537 773 gallice
1575 708 1750 756 dict-um

347 787 606 843 Lincastre‚
646 786 773 849 quod
802 790 934 832 erant
966 785 1112 848 parati
1144 785 1202 832 ad
1234 785 1556 833 sustinendum
1588 802 1752 833 omnes

347 863 678 927 cujuscumque
709 861 1003 918 conditionis,
1037 861 1151 908 dum
1173 868 1329 909 tamen
1362 868 1518 910 essent
1550 862 1747 918 nobiles,

347 939 426 1002 qui
453 939 517 986 ibi
545 938 603 986 ad
629 955 710 986 eos
733 938 948 985 venirent
972 943 1019 985 et
1043 944 1205 985 contra
1231 955 1312 986 eos
1335 939 1492 1002 spacio
1517 944 1634 985 xxxa
1653 938 1752 986 die-

345 1032 469 1072 rum,
500 1033 525 1062 a
551 1015 702 1079 prima
721 1014 795 1062 die
815 1015 989 1062 mensis
1010 1015 1187 1071 marcii,
1208 1015 1413 1079 demptis
1433 1015 1678 1063 dominicis
1704 1021 1750 1063 et

346 1092 522 1139 festivis
559 1091 748 1147 diebus,
791 1108 956 1139 cursus
988 1092 1251 1139 lancearum
1292 1092 1570 1140 serratarum
1608 1099 1749 1155 atque

345 1169 538 1216 aliarum
578 1168 636 1216 ad
679 1169 898 1216 rochetos
937 1168 1087 1216 facere
1123 1169 1319 1225 vellent,
1363 1169 1441 1216 tali
1487 1169 1751 1216 conditione

345 1245 472 1308 quod
493 1245 530 1292 si
557 1246 662 1308 quis
688 1262 852 1293 eorum
874 1245 1017 1293 trium
1044 1262 1340 1309 quocumque
1361 1262 1469 1293 casu
1494 1246 1754 1293 infirmare-

346 1328 425 1369 tur
444 1323 610 1370 eodem
629 1329 748 1369 xxxa
772 1323 956 1370 dierum
977 1322 1244 1369 feriatarum
1269 1322 1426 1386 spacio
1448 1322 1748 1385 per-durante,

344 1399 498 1446 taliter
517 1399 643 1462 quod
664 1399 765 1462 ipse
783 1416 876 1446 non
900 1406 1059 1462 posset
1078 1399 1393 1457 hastiludiare‚
1412 1399 1484 1446 alii
1503 1399 1596 1446 duo
1611 1399 1753 1447 debe-

345 1475 457 1523 bant
485 1476 545 1524 de
569 1477 747 1524 cunctis
779 1476 1235 1539 supervenientibus,
1268 1476 1312 1523 in
1341 1492 1638 1539 quocumque
1666 1493 1752 1524 nu—

346 1569 495 1610 mero,
527 1569 691 1601 cur-sus
723 1570 833 1600 suos
864 1553 1211 1616 percomplere3
1245 1553 1372 1616 quod
1403 1553 1441 1600 si
1473 1553 1567 1600 duo
1599 1570 1657 1600 ex
1684 1553 1753 1600 eis

344 1629 718 1685 infirmarentur,
754 1630 928 1677 tercius
960 1629 1301 1677 nichillominus
1331 1630 1390 1677 ad
1424 1629 1750 1678 sustinendum

344 1712 389 1753 et
416 1707 852 1770 supervenientibus
879 1707 1179 1754 furniendum
1200 1707 1302 1771 (sic)
1327 1723 1490 1754 omnes
1510 1707 1624 1754 istos
1645 1723 1752 1754 cur-

343 1799 421 1830 sus
464 1783 728 1831 lancearum
772 1784 1064 1846 supradictos
1101 1783 1300 1831 habebat
1353 1801 1362 1830 :
1405 1784 1493 1831 hoc
1530 1783 1749 1847 adjuncto

343 1860 470 1923 quod
508 1861 546 1907 si
581 1861 686 1923 quis
724 1860 909 1908 deintus
938 1860 1060 1907 vela
1097 1860 1211 1908 foris
1238 1860 1540 1916 forcurreret,
1574 1876 1749 1924 equum

342 1953 479 1985 suum
513 1937 727 1985 amiteret
753 1943 799 1985 et
834 1938 871 1984 si
901 1937 1006 2001 quis
1032 1937 1428 1985 contracurrentis
1454 1937 1542 1984 sibi
1573 1953 1748 2000 equum

342 2013 602 2070 occideret,
646 2020 744 2061 tam
776 2014 835 2062 de
871 2014 985 2077 ipsis
1025 2031 1167 2078 quam
1207 2014 1266 2062 de
1309 2013 1751 2078 supervenientibus

341 2090 573 2138 universis
594 2107 767 2153 equum
788 2091 845 2137 ad
867 2091 1057 2154 plenum
1077 2091 1365 2138 restitueret.

404 2171 460 2215 Et
494 2173 544 2214 ut
572 2167 633 2214 hii
662 2176 759 2214 tres
791 2168 974 2214 firmam
1014 2166 1243 2215 haberent
1281 2166 1503 2214 noticiam
1540 2167 1750 2230 quolibet

342 2260 447 2291 sero
482 2243 594 2307 quid
634 2243 682 2291 in
715 2244 918 2292 crastino
953 2261 1091 2308 agere
1128 2244 1372 2300 deberent,
1411 2250 1511 2291 erat
1546 2244 1750 2308 quedam

342 2321 523 2384 spineta
564 2320 610 2368 in
654 2321 804 2383 platea
848 2320 907 2367 ad
959 2320 1353 2375 hastiludiandum
1397 2327 1522 2384 apta,
1565 2321 1744 2384 pulcra,

341 2414 526 2445 ramosa
546 2403 592 2444 et
613 2397 730 2445 bene
756 2397 985 2451 ordinata,
1016 2397 1063 2444 in
1092 2414 1184 2460 qua
1214 2397 1481 2445 ordinatum
1511 2403 1611 2445 erat
1635 2414 1750 2462 pen-

342 2474 454 2521 dere
475 2474 570 2522 duo
595 2481 740 2530 scuta,
762 2491 907 2522 unum
928 2474 986 2521 ad
1008 2480 1193 2522 rocetos
1214 2491 1301 2538 pro
1324 2474 1574 2522 hastiludio
1599 2474 1743 2538 pacis,

343 2557 388 2598 et
418 2551 559 2598 alium
594 2551 652 2598 ad
684 2551 862 2599 ferrum
891 2557 1079 2599 acutum
1115 2568 1203 2614 pro
1241 2551 1487 2599 hastiludio
1521 2551 1666 2615 pacis,
1702 2556 1748 2598 et

392 2730 423 2764 1.
447 2727 783 2776 Saint-Inglevert‚
800 2727 1101 2774 Pas-de·Ga1ais,
1118 2729 1448 2765 arrondissement
1468 2728 1513 2764 de
1529 2728 1747 2776 Boulogne-

345 2788 531 2835 sur-Mer,
555 2794 695 2825 canton
715 2788 760 2824 de
782 2787 990 2835 Marquise.
