<?xml version="1.0" encoding="UTF-8"?>
<!DOCTYPE html PUBLIC "-//W3C//DTD XHTML 1.0 Transitional//EN"
    "http://www.w3.org/TR/xhtml1/DTD/xhtml1-transitional.dtd">
<html xmlns="http://www.w3.org/1999/xhtml" xml:lang="en" lang="en">
 <head>
  <title>
</title>
<meta http-equiv="Content-Type" content="text/html;charset=utf-8" />
  <meta name='ocr-system' content='tesseract 3.04.00' />
  <meta name='ocr-capabilities' content='ocr_page ocr_carea ocr_par ocr_line ocrx_word'/>
</head>
<body>
  <div class='ocr_page' id='page_1' title='image "./chronographiareg03mora_0120.png"; bbox 0 0 1941 3294; ppageno 0'>
   <div class='ocr_carea' id='block_1_1' title="bbox 340 317 1734 364">
    <p class='ocr_par' dir='ltr' id='par_1_1' title="bbox 340 317 1734 364">
     <span class='ocr_line' id='line_1_1' title="bbox 340 317 1734 364; baseline 0.001 -11"><span class='ocrx_word' id='word_1_1' title='bbox 340 317 383 354; x_wconf 84' lang='lat'>58</span> <span class='ocrx_word' id='word_1_2' title='bbox 611 320 981 353; x_wconf 82' lang='lat' dir='ltr'><strong>CHRONOGRAPHIA</strong></span> <span class='ocrx_word' id='word_1_3' title='bbox 1006 318 1159 351; x_wconf 83' lang='lat' dir='ltr'>REGUM</span> <span class='ocrx_word' id='word_1_4' title='bbox 1183 318 1460 351; x_wconf 82' lang='lat' dir='ltr'>FRANGORUM.</span> <span class='ocrx_word' id='word_1_5' title='bbox 1630 317 1734 364; x_wconf 84' lang='grc'><strong>[1383</strong></span> 
     </span>
    </p>
   </div>
   <div class='ocr_carea' id='block_1_2' title="bbox 332 396 1737 1601">
    <p class='ocr_par' dir='ltr' id='par_1_2' title="bbox 334 396 1737 1220">
     <span class='ocr_line' id='line_1_2' title="bbox 339 396 1737 460; baseline -0.001 -13"><span class='ocrx_word' id='word_1_6' title='bbox 339 416 419 447; x_wconf 89' lang='lat' dir='ltr'>cos</span> <span class='ocrx_word' id='word_1_7' title='bbox 454 399 502 446; x_wconf 91' lang='lat' dir='ltr'>in</span> <span class='ocrx_word' id='word_1_8' title='bbox 532 398 810 447; x_wconf 88' lang='lat' dir='ltr'>Flandriam.</span> <span class='ocrx_word' id='word_1_9' title='bbox 845 401 896 445; x_wconf 89' lang='lat' dir='ltr'>In</span> <span class='ocrx_word' id='word_1_10' title='bbox 934 396 1063 460; x_wconf 86' lang='lat' dir='ltr'>cujus</span> <span class='ocrx_word' id='word_1_11' title='bbox 1099 397 1355 444; x_wconf 87' lang='lat' dir='ltr'>exercitum</span> <span class='ocrx_word' id='word_1_12' title='bbox 1395 397 1580 445; x_wconf 85' lang='lat' dir='ltr'>advenit</span> <span class='ocrx_word' id='word_1_13' title='bbox 1616 398 1737 446; x_wconf 85' lang='lat' dir='ltr'>inter</span> 
     </span>
     <span class='ocr_line' id='line_1_3' title="bbox 338 473 1736 539; baseline -0.001 -16"><span class='ocrx_word' id='word_1_14' title='bbox 338 476 452 523; x_wconf 92' lang='lat' dir='ltr'>alios</span> <span class='ocrx_word' id='word_1_15' title='bbox 485 474 766 539; x_wconf 79' lang='lat' dir='ltr'>Rupertus1,</span> <span class='ocrx_word' id='word_1_16' title='bbox 802 474 897 521; x_wconf 85' lang='lat' dir='ltr'>dux</span> <span class='ocrx_word' id='word_1_17' title='bbox 931 473 1140 530; x_wconf 85' lang='lat' dir='ltr'>Bavarie,</span> <span class='ocrx_word' id='word_1_18' title='bbox 1177 473 1483 520; x_wconf 89' lang='lat' dir='ltr'>consobrinus</span> <span class='ocrx_word' id='word_1_19' title='bbox 1518 475 1736 537; x_wconf 81' lang='lat' dir='ltr'>Stephani</span> 
     </span>
     <span class='ocr_line' id='line_1_4' title="bbox 338 548 1731 615; baseline -0.002 -15"><span class='ocrx_word' id='word_1_20' title='bbox 338 552 490 607; x_wconf 89' lang='lat' dir='ltr'>ducis,</span> <span class='ocrx_word' id='word_1_21' title='bbox 525 551 672 615; x_wconf 86' lang='lat' dir='ltr'>patris</span> <span class='ocrx_word' id='word_1_22' title='bbox 706 549 866 614; x_wconf 85' lang='lat' dir='ltr'>regine</span> <span class='ocrx_word' id='word_1_23' title='bbox 897 548 1110 604; x_wconf 87' lang='lat' dir='ltr'>Francie,</span> <span class='ocrx_word' id='word_1_24' title='bbox 1147 565 1254 596; x_wconf 91' lang='lat' dir='ltr'>cum</span> <span class='ocrx_word' id='word_1_25' title='bbox 1289 549 1459 597; x_wconf 89' lang='lat' dir='ltr'>decora</span> <span class='ocrx_word' id='word_1_26' title='bbox 1496 550 1731 597; x_wconf 86' lang='lat' dir='ltr'>societate.</span> 
     </span>
     <span class='ocr_line' id='line_1_5' title="bbox 337 625 1736 692; baseline -0.001 -17"><span class='ocrx_word' id='word_1_27' title='bbox 337 627 514 692; x_wconf 84' lang='lat' dir='ltr'>Anglici</span> <span class='ocrx_word' id='word_1_28' title='bbox 531 643 643 674; x_wconf 88' lang='lat' dir='ltr'>vero</span> <span class='ocrx_word' id='word_1_29' title='bbox 661 627 742 689; x_wconf 87' lang='lat' dir='ltr'>qui</span> <span class='ocrx_word' id='word_1_30' title='bbox 759 630 891 673; x_wconf 86' lang='lat' dir='ltr'>erant</span> <span class='ocrx_word' id='word_1_31' title='bbox 904 625 950 671; x_wconf 93' lang='lat' dir='ltr'>in</span> <span class='ocrx_word' id='word_1_32' title='bbox 964 640 1158 672; x_wconf 86' lang='lat' dir='ltr'>numero</span> <span class='ocrx_word' id='word_1_33' title='bbox 1179 625 1340 672; x_wconf 92' lang='lat' dir='ltr'>decem</span> <span class='ocrx_word' id='word_1_34' title='bbox 1360 625 1537 673; x_wconf 86' lang='lat' dir='ltr'>milium</span> <span class='ocrx_word' id='word_1_35' title='bbox 1557 643 1736 690; x_wconf 85' lang='lat' dir='ltr'>pugna-</span> 
     </span>
     <span class='ocr_line' id='line_1_6' title="bbox 336 699 1735 765; baseline -0.001 -14"><span class='ocrx_word' id='word_1_36' title='bbox 336 709 492 751; x_wconf 81' lang='lat' dir='ltr'>torum</span> <span class='ocrx_word' id='word_1_37' title='bbox 512 710 557 750; x_wconf 87' lang='lat' dir='ltr'>et</span> <span class='ocrx_word' id='word_1_38' title='bbox 577 708 683 750; x_wconf 89' lang='lat' dir='ltr'>octo</span> <span class='ocrx_word' id='word_1_39' title='bbox 702 701 881 748; x_wconf 89' lang='lat' dir='ltr'>milium</span> <span class='ocrx_word' id='word_1_40' title='bbox 906 699 1271 763; x_wconf 82' lang='lat' dir='ltr'>sagittariorum,</span> <span class='ocrx_word' id='word_1_41' title='bbox 1296 701 1507 749; x_wconf 81' lang='lat' dir='ltr'>videntes</span> <span class='ocrx_word' id='word_1_42' title='bbox 1527 701 1735 765; x_wconf 91' lang='lat' dir='ltr'>ejusdem</span> 
     </span>
     <span class='ocr_line' id='line_1_7' title="bbox 336 777 1737 843; baseline -0.002 -16"><span class='ocrx_word' id='word_1_43' title='bbox 336 780 460 843; x_wconf 84' lang='lat' dir='ltr'>regis</span> <span class='ocrx_word' id='word_1_44' title='bbox 485 779 676 826; x_wconf 87' lang='lat' dir='ltr'>Francie</span> <span class='ocrx_word' id='word_1_45' title='bbox 706 781 986 840; x_wconf 87' lang='lat' dir='ltr'>potestatem</span> <span class='ocrx_word' id='word_1_46' title='bbox 1012 792 1155 839; x_wconf 89' lang='lat' dir='ltr'>super</span> <span class='ocrx_word' id='word_1_47' title='bbox 1179 793 1388 840; x_wconf 90' lang='lat' dir='ltr'>campos,</span> <span class='ocrx_word' id='word_1_48' title='bbox 1417 777 1588 824; x_wconf 89' lang='lat' dir='ltr'>relictis</span> <span class='ocrx_word' id='word_1_49' title='bbox 1613 794 1737 824; x_wconf 90' lang='lat' dir='ltr'>cam-</span> 
     </span>
     <span class='ocr_line' id='line_1_8' title="bbox 336 852 1735 919; baseline -0.001 -17"><span class='ocrx_word' id='word_1_50' title='bbox 336 856 424 919; x_wconf 85' lang='lat' dir='ltr'>pis,</span> <span class='ocrx_word' id='word_1_51' title='bbox 449 855 683 918; x_wconf 83' lang='lat' dir='ltr'>fugerunt,</span> <span class='ocrx_word' id='word_1_52' title='bbox 707 870 797 900; x_wconf 88' lang='lat' dir='ltr'>una</span> <span class='ocrx_word' id='word_1_53' title='bbox 818 868 926 915; x_wconf 84' lang='lat' dir='ltr'>pars</span> <span class='ocrx_word' id='word_1_54' title='bbox 945 852 1003 899; x_wconf 90' lang='lat' dir='ltr'>ad</span> <span class='ocrx_word' id='word_1_55' title='bbox 1032 852 1352 916; x_wconf 86' lang='lat' dir='ltr'>Bouburgum,</span> <span class='ocrx_word' id='word_1_56' title='bbox 1384 854 1469 900; x_wconf 89' lang='lat' dir='ltr'>alia</span> <span class='ocrx_word' id='word_1_57' title='bbox 1496 857 1735 916; x_wconf 87' lang='lat' dir='ltr'>Dunquer-</span> 
     </span>
     <span class='ocr_line' id='line_1_9' title="bbox 336 928 1736 994; baseline -0.001 -16"><span class='ocrx_word' id='word_1_58' title='bbox 336 948 477 994; x_wconf 86' lang='lat' dir='ltr'>quam</span> <span class='ocrx_word' id='word_1_59' title='bbox 502 938 548 978; x_wconf 91' lang='lat' dir='ltr'>et</span> <span class='ocrx_word' id='word_1_60' title='bbox 573 930 657 977; x_wconf 89' lang='lat' dir='ltr'>alia</span> <span class='ocrx_word' id='word_1_61' title='bbox 690 928 1056 992; x_wconf 79' lang='lat' dir='ltr'>Gravaringhas3</span> <span class='ocrx_word' id='word_1_62' title='bbox 1091 928 1149 975; x_wconf 91' lang='lat' dir='ltr'>de</span> <span class='ocrx_word' id='word_1_63' title='bbox 1179 929 1348 992; x_wconf 86' lang='lat' dir='ltr'>quibus</span> <span class='ocrx_word' id='word_1_64' title='bbox 1373 930 1492 977; x_wconf 86' lang='lat' dir='ltr'>villis</span> <span class='ocrx_word' id='word_1_65' title='bbox 1524 930 1736 977; x_wconf 85' lang='lat' dir='ltr'>exierunt</span> 
     </span>
     <span class='ocr_line' id='line_1_10' title="bbox 335 1004 1736 1070; baseline 0 -16"><span class='ocrx_word' id='word_1_66' title='bbox 335 1007 511 1070; x_wconf 86' lang='lat' dir='ltr'>Anglici</span> <span class='ocrx_word' id='word_1_67' title='bbox 547 1005 804 1053; x_wconf 84' lang='lat' dir='ltr'>concordes</span> <span class='ocrx_word' id='word_1_68' title='bbox 841 1005 941 1068; x_wconf 84' lang='lat' dir='ltr'>regi</span> <span class='ocrx_word' id='word_1_69' title='bbox 973 1004 1186 1061; x_wconf 85' lang='lat' dir='ltr'>Francie,</span> <span class='ocrx_word' id='word_1_70' title='bbox 1224 1005 1290 1052; x_wconf 87' lang='lat' dir='ltr'>sic</span> <span class='ocrx_word' id='word_1_71' title='bbox 1327 1005 1453 1068; x_wconf 91' lang='lat' dir='ltr'>quod</span> <span class='ocrx_word' id='word_1_72' title='bbox 1491 1022 1640 1069; x_wconf 93' lang='lat' dir='ltr'>usque</span> <span class='ocrx_word' id='word_1_73' title='bbox 1677 1007 1736 1054; x_wconf 89' lang='lat' dir='ltr'>ad</span> 
     </span>
     <span class='ocr_line' id='line_1_11' title="bbox 334 1082 1736 1146; baseline 0 -17"><span class='ocrx_word' id='word_1_74' title='bbox 334 1099 507 1130; x_wconf 89' lang='lat' dir='ltr'>annum</span> <span class='ocrx_word' id='word_1_75' title='bbox 538 1098 629 1129; x_wconf 83' lang='lat' dir='ltr'>non</span> <span class='ocrx_word' id='word_1_76' title='bbox 657 1098 706 1128; x_wconf 92' lang='lat' dir='ltr'>se</span> <span class='ocrx_word' id='word_1_77' title='bbox 731 1085 968 1128; x_wconf 81' lang='lat' dir='ltr'>armarent</span> <span class='ocrx_word' id='word_1_78' title='bbox 997 1087 1159 1128; x_wconf 86' lang='lat' dir='ltr'>contra</span> <span class='ocrx_word' id='word_1_79' title='bbox 1187 1098 1311 1137; x_wconf 89' lang='lat' dir='ltr'>eum,</span> <span class='ocrx_word' id='word_1_80' title='bbox 1340 1082 1430 1129; x_wconf 90' lang='lat' dir='ltr'>nisi</span> <span class='ocrx_word' id='word_1_81' title='bbox 1459 1098 1544 1128; x_wconf 87' lang='lat' dir='ltr'>rex</span> <span class='ocrx_word' id='word_1_82' title='bbox 1574 1082 1736 1146; x_wconf 86' lang='lat' dir='ltr'>Anglie</span> 
     </span>
     <span class='ocr_line' id='line_1_12' title="bbox 334 1157 1601 1220; baseline 0 -16"><span class='ocrx_word' id='word_1_83' title='bbox 334 1159 405 1206; x_wconf 90' lang='lat' dir='ltr'>vel</span> <span class='ocrx_word' id='word_1_84' title='bbox 429 1159 524 1205; x_wconf 86' lang='lat' dir='ltr'>dux</span> <span class='ocrx_word' id='word_1_85' title='bbox 544 1157 821 1205; x_wconf 84' lang='lat' dir='ltr'>Lenclastrie</span> <span class='ocrx_word' id='word_1_86' title='bbox 840 1157 1148 1220; x_wconf 84' lang='lat' dir='ltr'>personaliter</span> <span class='ocrx_word' id='word_1_87' title='bbox 1166 1173 1248 1204; x_wconf 89' lang='lat' dir='ltr'>eos</span> <span class='ocrx_word' id='word_1_88' title='bbox 1272 1157 1601 1204; x_wconf 77' lang='lat' dir='ltr'>conduceret2.</span> 
     </span>
    </p>

    <p class='ocr_par' dir='ltr' id='par_1_3' title="bbox 332 1232 1737 1601">
     <span class='ocr_line' id='line_1_13' title="bbox 397 1232 1737 1297; baseline -0.001 -16"><span class='ocrx_word' id='word_1_89' title='bbox 397 1238 522 1282; x_wconf 90' lang='lat' dir='ltr'>Tunc</span> <span class='ocrx_word' id='word_1_90' title='bbox 553 1234 660 1280; x_wconf 87' lang='lat' dir='ltr'>villa</span> <span class='ocrx_word' id='word_1_91' title='bbox 684 1233 921 1297; x_wconf 84' lang='lat' dir='ltr'>Bouburgi</span> <span class='ocrx_word' id='word_1_92' title='bbox 954 1232 1154 1280; x_wconf 84' lang='lat' dir='ltr'>totaliter</span> <span class='ocrx_word' id='word_1_93' title='bbox 1186 1233 1426 1281; x_wconf 88' lang='lat' dir='ltr'>combusta</span> <span class='ocrx_word' id='word_1_94' title='bbox 1460 1240 1530 1280; x_wconf 82' lang='lat' dir='ltr'>est</span> <span class='ocrx_word' id='word_1_95' title='bbox 1560 1239 1607 1280; x_wconf 85' lang='lat' dir='ltr'>et</span> <span class='ocrx_word' id='word_1_96' title='bbox 1632 1249 1737 1280; x_wconf 88' lang='lat' dir='ltr'>vas-</span> 
     </span>
     <span class='ocr_line' id='line_1_14' title="bbox 332 1309 1736 1372; baseline -0.002 -14"><span class='ocrx_word' id='word_1_97' title='bbox 332 1317 443 1358; x_wconf 86' lang='lat' dir='ltr'>tata.</span> <span class='ocrx_word' id='word_1_98' title='bbox 464 1310 652 1358; x_wconf 82' lang='lat' dir='ltr'>Interim</span> <span class='ocrx_word' id='word_1_99' title='bbox 673 1309 1002 1358; x_wconf 87' lang='lat' dir='ltr'>Gandavenses</span> <span class='ocrx_word' id='word_1_100' title='bbox 1027 1316 1251 1372; x_wconf 86' lang='lat' dir='ltr'>ceperunt</span> <span class='ocrx_word' id='word_1_101' title='bbox 1269 1309 1624 1357; x_wconf 77' lang='lat' dir='ltr'>Audenardam³</span> <span class='ocrx_word' id='word_1_102' title='bbox 1646 1326 1736 1371; x_wconf 93' lang='lat' dir='ltr'>que</span> 
     </span>
     <span class='ocr_line' id='line_1_15' title="bbox 333 1385 1736 1434; baseline -0.001 0"><span class='ocrx_word' id='word_1_103' title='bbox 333 1387 530 1434; x_wconf 86' lang='lat' dir='ltr'>multum</span> <span class='ocrx_word' id='word_1_104' title='bbox 550 1392 772 1434; x_wconf 84' lang='lat' dir='ltr'>nocuerat</span> <span class='ocrx_word' id='word_1_105' title='bbox 790 1386 897 1433; x_wconf 87' lang='lat' dir='ltr'>ville</span> <span class='ocrx_word' id='word_1_106' title='bbox 917 1402 999 1433; x_wconf 90' lang='lat' dir='ltr'>sue</span> <span class='ocrx_word' id='word_1_107' title='bbox 1019 1385 1077 1432; x_wconf 91' lang='lat' dir='ltr'>de</span> <span class='ocrx_word' id='word_1_108' title='bbox 1098 1385 1336 1434; x_wconf 89' lang='lat' dir='ltr'>Gandavo.</span> <span class='ocrx_word' id='word_1_109' title='bbox 1357 1385 1600 1432; x_wconf 85' lang='lat' dir='ltr'>Exercitus</span> <span class='ocrx_word' id='word_1_110' title='bbox 1620 1401 1736 1432; x_wconf 90' lang='lat' dir='ltr'>vero</span> 
     </span>
     <span class='ocr_line' id='line_1_16' title="bbox 333 1461 1737 1525; baseline -0.001 -15"><span class='ocrx_word' id='word_1_111' title='bbox 333 1468 616 1511; x_wconf 86' lang='lat' dir='ltr'>Francorum</span> <span class='ocrx_word' id='word_1_112' title='bbox 634 1462 878 1517; x_wconf 84' lang='lat' dir='ltr'>recedens,</span> <span class='ocrx_word' id='word_1_113' title='bbox 895 1479 979 1508; x_wconf 86' lang='lat' dir='ltr'>rex</span> <span class='ocrx_word' id='word_1_114' title='bbox 999 1478 1243 1525; x_wconf 84' lang='lat' dir='ltr'>regressus</span> <span class='ocrx_word' id='word_1_115' title='bbox 1259 1466 1330 1508; x_wconf 84' lang='lat' dir='ltr'>est</span> <span class='ocrx_word' id='word_1_116' title='bbox 1346 1464 1565 1509; x_wconf 87' lang='lat' dir='ltr'>Sanctum</span> <span class='ocrx_word' id='word_1_117' title='bbox 1580 1461 1737 1510; x_wconf 88' lang='lat' dir='ltr'>Audo-</span> 
     </span>
     <span class='ocr_line' id='line_1_17' title="bbox 333 1537 1374 1601; baseline -0.004 -14"><span class='ocrx_word' id='word_1_118' title='bbox 333 1540 540 1587; x_wconf 73' lang='lat' dir='ltr'>marum⁴</span> <span class='ocrx_word' id='word_1_119' title='bbox 565 1555 619 1586; x_wconf 91' lang='lat' dir='ltr'>ac</span> <span class='ocrx_word' id='word_1_120' title='bbox 645 1555 730 1601; x_wconf 87' lang='lat' dir='ltr'>per</span> <span class='ocrx_word' id='word_1_121' title='bbox 754 1538 992 1586; x_wconf 88' lang='lat' dir='ltr'>Ambianis</span> <span class='ocrx_word' id='word_1_122' title='bbox 1018 1537 1374 1600; x_wconf 87' lang='lat' dir='ltr'>Compendium.</span> 
     </span>
    </p>
   </div>
   <div class='ocr_carea' id='block_1_3' title="bbox 326 1669 1737 2830">
    <p class='ocr_par' dir='ltr' id='par_1_4' title="bbox 330 1669 1735 1833">
     <span class='ocr_line' id='line_1_18' title="bbox 330 1669 1735 1719; baseline -0.002 -11"><span class='ocrx_word' id='word_1_123' title='bbox 330 1684 367 1719; x_wconf 92' lang='lat' dir='ltr'>p.</span> <span class='ocrx_word' id='word_1_124' title='bbox 391 1672 471 1717; x_wconf 79' lang='lat'>159,</span> <span class='ocrx_word' id='word_1_125' title='bbox 493 1677 531 1707; x_wconf 89' lang='lat' dir='ltr'>et</span> <span class='ocrx_word' id='word_1_126' title='bbox 550 1672 699 1716; x_wconf 70' lang='lat' dir='ltr'>Sejours</span> <span class='ocrx_word' id='word_1_127' title='bbox 719 1672 761 1706; x_wconf 80' lang='lat' dir='ltr'>de</span> <span class='ocrx_word' id='word_1_128' title='bbox 781 1671 930 1706; x_wconf 77' lang='lat' dir='ltr'>Charles</span> <span class='ocrx_word' id='word_1_129' title='bbox 958 1671 1010 1711; x_wconf 80' lang='lat' dir='ltr'>VJ,</span> <span class='ocrx_word' id='word_1_130' title='bbox 1040 1681 1076 1716; x_wconf 91' lang='lat' dir='ltr'>p.</span> <span class='ocrx_word' id='word_1_131' title='bbox 1101 1669 1170 1715; x_wconf 75' lang='lat'>18).</span> <span class='ocrx_word' id='word_1_132' title='bbox 1203 1669 1315 1715; x_wconf 81' lang='lat' dir='ltr'>Mais,</span> <span class='ocrx_word' id='word_1_133' title='bbox 1344 1670 1454 1715; x_wconf 79' lang='lat' dir='ltr'>apres</span> <span class='ocrx_word' id='word_1_134' title='bbox 1482 1669 1589 1706; x_wconf 83' lang='lat' dir='ltr'>avoir</span> <span class='ocrx_word' id='word_1_135' title='bbox 1614 1669 1735 1716; x_wconf 80' lang='lat' dir='ltr'>quitte</span> 
     </span>
     <span class='ocr_line' id='line_1_19' title="bbox 330 1727 1735 1776; baseline -0.003 -10"><span class='ocrx_word' id='word_1_136' title='bbox 330 1729 452 1766; x_wconf 82' lang='lat' dir='ltr'>Arras</span> <span class='ocrx_word' id='word_1_137' title='bbox 468 1741 563 1776; x_wconf 87' lang='lat' dir='ltr'>pour</span> <span class='ocrx_word' id='word_1_138' title='bbox 582 1729 761 1774; x_wconf 84' lang='lat' dir='ltr'>Mareuil,</span> <span class='ocrx_word' id='word_1_139' title='bbox 782 1728 817 1764; x_wconf 91' lang='lat' dir='ltr'>le</span> <span class='ocrx_word' id='word_1_140' title='bbox 837 1729 896 1775; x_wconf 88' lang='grc'>25,</span> <span class='ocrx_word' id='word_1_141' title='bbox 919 1727 1079 1763; x_wconf 82' lang='lat' dir='ltr'>Charles</span> <span class='ocrx_word' id='word_1_142' title='bbox 1099 1727 1156 1762; x_wconf 89' lang='lat' dir='ltr'>VI</span> <span class='ocrx_word' id='word_1_143' title='bbox 1175 1738 1290 1774; x_wconf 80' lang='lat' dir='ltr'>passa</span> <span class='ocrx_word' id='word_1_144' title='bbox 1310 1727 1355 1762; x_wconf 90' lang='lat' dir='ltr'>de</span> <span class='ocrx_word' id='word_1_145' title='bbox 1376 1736 1553 1763; x_wconf 88' lang='lat' dir='ltr'>nouveau</span> <span class='ocrx_word' id='word_1_146' title='bbox 1574 1727 1611 1763; x_wconf 84' lang='lat' dir='ltr'>la</span> <span class='ocrx_word' id='word_1_147' title='bbox 1628 1727 1735 1774; x_wconf 86' lang='lat' dir='ltr'>jour-</span> 
     </span>
     <span class='ocr_line' id='line_1_20' title="bbox 331 1785 1729 1833; baseline -0.002 -8"><span class='ocrx_word' id='word_1_148' title='bbox 331 1790 403 1826; x_wconf 80' lang='lat' dir='ltr'>nee</span> <span class='ocrx_word' id='word_1_149' title='bbox 419 1789 469 1824; x_wconf 92' lang='lat' dir='ltr'>du</span> <span class='ocrx_word' id='word_1_150' title='bbox 484 1787 706 1825; x_wconf 82' lang='lat' dir='ltr'>lendemain</span> <span class='ocrx_word' id='word_1_151' title='bbox 720 1787 742 1822; x_wconf 75' lang='grc' dir='ltr'>ὲ</span> <span class='ocrx_word' id='word_1_152' title='bbox 760 1787 898 1833; x_wconf 77' lang='lat' dir='ltr'>Arras,</span> <span class='ocrx_word' id='word_1_153' title='bbox 913 1786 999 1822; x_wconf 80' lang='lat' dir='ltr'>d&#39;ou</span> <span class='ocrx_word' id='word_1_154' title='bbox 1014 1786 1041 1821; x_wconf 88' lang='lat' dir='ltr'>il</span> <span class='ocrx_word' id='word_1_155' title='bbox 1059 1785 1174 1832; x_wconf 81' lang='lat' dir='ltr'>partit</span> <span class='ocrx_word' id='word_1_156' title='bbox 1197 1785 1503 1821; x_wconf 77' lang='lat' dir='ltr'>definitivement</span> <span class='ocrx_word' id='word_1_157' title='bbox 1517 1786 1552 1821; x_wconf 89' lang='lat' dir='ltr'>le</span> <span class='ocrx_word' id='word_1_158' title='bbox 1566 1785 1609 1821; x_wconf 86' lang='grc'>27</span> <span class='ocrx_word' id='word_1_159' title='bbox 1627 1787 1729 1822; x_wconf 82' lang='lat' dir='ltr'>aout.</span> 
     </span>
    </p>

    <p class='ocr_par' dir='ltr' id='par_1_5' title="bbox 326 1834 1737 2068">
     <span class='ocr_line' id='line_1_21' title="bbox 378 1834 1734 1891; baseline -0.002 -8"><span class='ocrx_word' id='word_1_160' title='bbox 378 1849 410 1883; x_wconf 86' lang='lat'>1.</span> <span class='ocrx_word' id='word_1_161' title='bbox 432 1848 463 1883; x_wconf 90' lang='lat' dir='ltr'>Il</span> <span class='ocrx_word' id='word_1_162' title='bbox 486 1847 566 1883; x_wconf 80' lang='lat' dir='ltr'>faut</span> <span class='ocrx_word' id='word_1_163' title='bbox 586 1847 656 1883; x_wconf 84' lang='lat' dir='ltr'>lire</span> <span class='ocrx_word' id='word_1_164' title='bbox 676 1847 843 1882; x_wconf 62' lang='lat' dir='ltr'>Freddrio</span> <span class='ocrx_word' id='word_1_165' title='bbox 863 1850 901 1881; x_wconf 92' lang='lat' dir='ltr'>et</span> <span class='ocrx_word' id='word_1_166' title='bbox 922 1856 1001 1881; x_wconf 88' lang='lat' dir='ltr'>non</span> <span class='ocrx_word' id='word_1_167' title='bbox 1021 1845 1167 1886; x_wconf 78' lang='lat' dir='ltr'>Robert‚·</span> <span class='ocrx_word' id='word_1_168' title='bbox 1182 1843 1209 1879; x_wconf 81' lang='lat' dir='ltr'>il</span> <span class='ocrx_word' id='word_1_169' title='bbox 1230 1844 1322 1880; x_wconf 77' lang='lat' dir='ltr'>etait</span> <span class='ocrx_word' id='word_1_170' title='bbox 1343 1843 1377 1879; x_wconf 91' lang='lat' dir='ltr'>le</span> <span class='ocrx_word' id='word_1_171' title='bbox 1398 1843 1496 1880; x_wconf 82' lang='lat' dir='ltr'>frere</span> <span class='ocrx_word' id='word_1_172' title='bbox 1514 1834 1734 1891; x_wconf 80' lang='lat' dir='ltr'>d’Etienne,</span> 
     </span>
     <span class='ocr_line' id='line_1_22' title="bbox 326 1901 1730 1954; baseline -0.004 -11"><span class='ocrx_word' id='word_1_173' title='bbox 326 1907 417 1954; x_wconf 82' lang='lat' dir='ltr'>pere</span> <span class='ocrx_word' id='word_1_174' title='bbox 443 1905 655 1942; x_wconf 81' lang='lat' dir='ltr'>d’lsabeau.</span> <span class='ocrx_word' id='word_1_175' title='bbox 679 1905 783 1940; x_wconf 87' lang='lat' dir='ltr'>Tous</span> <span class='ocrx_word' id='word_1_176' title='bbox 803 1903 904 1940; x_wconf 78' lang='lat' dir='ltr'>deux</span> <span class='ocrx_word' id='word_1_177' title='bbox 924 1903 1069 1939; x_wconf 80' lang='lat' dir='ltr'>etaient</span> <span class='ocrx_word' id='word_1_178' title='bbox 1088 1901 1252 1950; x_wconf 84' lang='lat' dir='ltr'>gendres</span> <span class='ocrx_word' id='word_1_179' title='bbox 1272 1901 1318 1939; x_wconf 90' lang='lat' dir='ltr'>de</span> <span class='ocrx_word' id='word_1_180' title='bbox 1338 1902 1516 1938; x_wconf 83' lang='lat' dir='ltr'>Bernabo</span> <span class='ocrx_word' id='word_1_181' title='bbox 1538 1902 1730 1938; x_wconf 82' lang='lat' dir='ltr'>visconti.</span> 
     </span>
     <span class='ocr_line' id='line_1_23' title="bbox 328 1960 1737 2011; baseline -0.003 -11"><span class='ocrx_word' id='word_1_182' title='bbox 328 1964 361 2000; x_wconf 86' lang='lat' dir='ltr'>Il</span> <span class='ocrx_word' id='word_1_183' title='bbox 381 1970 438 2000; x_wconf 89' lang='lat' dir='ltr'>est</span> <span class='ocrx_word' id='word_1_184' title='bbox 460 1964 629 2011; x_wconf 86' lang='lat' dir='ltr'>superflu</span> <span class='ocrx_word' id='word_1_185' title='bbox 655 1962 700 1998; x_wconf 89' lang='lat' dir='ltr'>de</span> <span class='ocrx_word' id='word_1_186' title='bbox 722 1962 816 1998; x_wconf 83' lang='lat' dir='ltr'>faire</span> <span class='ocrx_word' id='word_1_187' title='bbox 844 1971 1070 2009; x_wconf 82' lang='lat' dir='ltr'>remarquer</span> <span class='ocrx_word' id='word_1_188' title='bbox 1090 1960 1317 2008; x_wconf 80' lang='lat' dir='ltr'>qu&#39;Isaheau</span> <span class='ocrx_word' id='word_1_189' title='bbox 1348 1971 1397 1996; x_wconf 87' lang='lat' dir='ltr'>ne</span> <span class='ocrx_word' id='word_1_190' title='bbox 1427 1960 1554 1996; x_wconf 78' lang='lat' dir='ltr'>devait</span> <span class='ocrx_word' id='word_1_191' title='bbox 1579 1960 1737 1997; x_wconf 86' lang='lat' dir='ltr'>devenir</span> 
     </span>
     <span class='ocr_line' id='line_1_24' title="bbox 330 2021 930 2068; baseline -0.005 -9"><span class='ocrx_word' id='word_1_192' title='bbox 330 2023 436 2059; x_wconf 87' lang='lat' dir='ltr'>reine</span> <span class='ocrx_word' id='word_1_193' title='bbox 456 2023 503 2059; x_wconf 90' lang='lat' dir='ltr'>de</span> <span class='ocrx_word' id='word_1_194' title='bbox 523 2022 673 2058; x_wconf 80' lang='lat' dir='ltr'>France</span> <span class='ocrx_word' id='word_1_195' title='bbox 693 2021 806 2068; x_wconf 88' lang='lat' dir='ltr'>qu&#39;en</span> <span class='ocrx_word' id='word_1_196' title='bbox 829 2021 930 2057; x_wconf 83' lang='lat'>1385.</span> 
     </span>
    </p>

    <p class='ocr_par' dir='ltr' id='par_1_6' title="bbox 328 2075 1737 2653">
     <span class='ocr_line' id='line_1_25' title="bbox 376 2075 1736 2126; baseline -0.003 -9"><span class='ocrx_word' id='word_1_197' title='bbox 376 2082 411 2117; x_wconf 89' lang='grc'>2.</span> <span class='ocrx_word' id='word_1_198' title='bbox 435 2081 600 2117; x_wconf 81' lang='lat' dir='ltr'>Suivant</span> <span class='ocrx_word' id='word_1_199' title='bbox 631 2081 665 2116; x_wconf 89' lang='lat' dir='ltr'>le</span> <span class='ocrx_word' id='word_1_200' title='bbox 693 2079 901 2126; x_wconf 76' lang='lat' dir='ltr'>Religieux</span> <span class='ocrx_word' id='word_1_201' title='bbox 921 2078 967 2114; x_wconf 89' lang='lat' dir='ltr'>de</span> <span class='ocrx_word' id='word_1_202' title='bbox 990 2077 1257 2124; x_wconf 79' lang='lat' dir='ltr'>Saint-Denys</span> <span class='ocrx_word' id='word_1_203' title='bbox 1280 2082 1317 2122; x_wconf 70' lang='lat' dir='ltr'>(t.</span> <span class='ocrx_word' id='word_1_204' title='bbox 1340 2077 1372 2123; x_wconf 93' lang='grc' dir='ltr'>Ι,</span> <span class='ocrx_word' id='word_1_205' title='bbox 1393 2088 1428 2124; x_wconf 92' lang='lat' dir='ltr'>p.</span> <span class='ocrx_word' id='word_1_206' title='bbox 1452 2077 1547 2122; x_wconf 81' lang='grc'>270),</span> <span class='ocrx_word' id='word_1_207' title='bbox 1569 2077 1624 2114; x_wconf 88' lang='lat' dir='ltr'>les</span> <span class='ocrx_word' id='word_1_208' title='bbox 1648 2075 1736 2113; x_wconf 90' lang='lat' dir='ltr'>An-</span> 
     </span>
     <span class='ocr_line' id='line_1_26' title="bbox 330 2135 1736 2190; baseline -0.005 -12"><span class='ocrx_word' id='word_1_209' title='bbox 330 2142 427 2190; x_wconf 84' lang='lat' dir='ltr'>glais</span> <span class='ocrx_word' id='word_1_210' title='bbox 453 2152 494 2177; x_wconf 90' lang='lat' dir='ltr'>se</span> <span class='ocrx_word' id='word_1_211' title='bbox 521 2139 756 2186; x_wconf 77' lang='lat' dir='ltr'>refugierent</span> <span class='ocrx_word' id='word_1_212' title='bbox 777 2139 799 2174; x_wconf 70' lang='lat' dir='ltr'>a</span> <span class='ocrx_word' id='word_1_213' title='bbox 819 2138 1006 2185; x_wconf 85' lang='lat' dir='ltr'>Bergues,</span> <span class='ocrx_word' id='word_1_214' title='bbox 1028 2137 1050 2173; x_wconf 74' lang='grc' dir='ltr'>ὲ,</span> <span class='ocrx_word' id='word_1_215' title='bbox 1071 2136 1299 2173; x_wconf 83' lang='lat' dir='ltr'>Gravelines</span> <span class='ocrx_word' id='word_1_216' title='bbox 1320 2142 1357 2172; x_wconf 94' lang='lat' dir='ltr'>et</span> <span class='ocrx_word' id='word_1_217' title='bbox 1377 2136 1399 2172; x_wconf 71' lang='lat' dir='ltr'>a</span> <span class='ocrx_word' id='word_1_218' title='bbox 1420 2135 1659 2183; x_wconf 85' lang='lat' dir='ltr'>Bourbourg.</span> <span class='ocrx_word' id='word_1_219' title='bbox 1682 2136 1736 2171; x_wconf 88' lang='lat' dir='ltr'>Ils</span> 
     </span>
     <span class='ocr_line' id='line_1_27' title="bbox 328 2194 1737 2243; baseline -0.004 -6"><span class='ocrx_word' id='word_1_220' title='bbox 328 2199 647 2237; x_wconf 77' lang='lat' dir='ltr'>abandonnerent</span> <span class='ocrx_word' id='word_1_221' title='bbox 672 2197 821 2234; x_wconf 79' lang='lat' dir='ltr'>bientot</span> <span class='ocrx_word' id='word_1_222' title='bbox 851 2198 887 2232; x_wconf 83' lang='lat' dir='ltr'>la</span> <span class='ocrx_word' id='word_1_223' title='bbox 914 2196 1104 2243; x_wconf 74' lang='lat' dir='ltr'>premiere</span> <span class='ocrx_word' id='word_1_224' title='bbox 1131 2195 1177 2231; x_wconf 94' lang='lat' dir='ltr'>de</span> <span class='ocrx_word' id='word_1_225' title='bbox 1198 2205 1260 2231; x_wconf 90' lang='lat' dir='ltr'>ces</span> <span class='ocrx_word' id='word_1_226' title='bbox 1280 2195 1408 2241; x_wconf 83' lang='lat' dir='ltr'>places</span> <span class='ocrx_word' id='word_1_227' title='bbox 1430 2200 1468 2231; x_wconf 90' lang='lat' dir='ltr'>et</span> <span class='ocrx_word' id='word_1_228' title='bbox 1486 2207 1512 2242; x_wconf 87' lang='lat' dir='ltr'>y</span> <span class='ocrx_word' id='word_1_229' title='bbox 1532 2194 1674 2230; x_wconf 88' lang='lat' dir='ltr'>mirent</span> <span class='ocrx_word' id='word_1_230' title='bbox 1702 2194 1737 2231; x_wconf 88' lang='lat' dir='ltr'>le</span> 
     </span>
     <span class='ocr_line' id='line_1_28' title="bbox 329 2252 1736 2300; baseline -0.004 -6"><span class='ocrx_word' id='word_1_231' title='bbox 329 2259 412 2299; x_wconf 88' lang='lat' dir='ltr'>feu;</span> <span class='ocrx_word' id='word_1_232' title='bbox 435 2256 664 2293; x_wconf 83' lang='lat' dir='ltr'>Gravelines</span> <span class='ocrx_word' id='word_1_233' title='bbox 696 2255 797 2291; x_wconf 81' lang='lat' dir='ltr'>subit</span> <span class='ocrx_word' id='word_1_234' title='bbox 818 2256 852 2291; x_wconf 90' lang='lat' dir='ltr'>le</span> <span class='ocrx_word' id='word_1_235' title='bbox 873 2256 1000 2291; x_wconf 81' lang='lat' dir='ltr'>meme</span> <span class='ocrx_word' id='word_1_236' title='bbox 1023 2259 1124 2290; x_wconf 45' lang='lat' dir='ltr'>sorts</span> <span class='ocrx_word' id='word_1_237' title='bbox 1138 2253 1228 2290; x_wconf 88' lang='lat' dir='ltr'>Ceci</span> <span class='ocrx_word' id='word_1_238' title='bbox 1250 2264 1290 2289; x_wconf 91' lang='lat' dir='ltr'>se</span> <span class='ocrx_word' id='word_1_239' title='bbox 1310 2253 1456 2300; x_wconf 80' lang='lat' dir='ltr'>passait</span> <span class='ocrx_word' id='word_1_240' title='bbox 1476 2263 1524 2288; x_wconf 86' lang='lat' dir='ltr'>au</span> <span class='ocrx_word' id='word_1_241' title='bbox 1545 2252 1662 2288; x_wconf 81' lang='lat' dir='ltr'>debut</span> <span class='ocrx_word' id='word_1_242' title='bbox 1690 2252 1736 2289; x_wconf 92' lang='lat' dir='ltr'>de</span> 
     </span>
     <span class='ocr_line' id='line_1_29' title="bbox 330 2311 1735 2363; baseline -0.005 -10"><span class='ocrx_word' id='word_1_243' title='bbox 330 2315 559 2363; x_wconf 84' lang='lat' dir='ltr'>septembre,</span> <span class='ocrx_word' id='word_1_244' title='bbox 581 2320 619 2351; x_wconf 90' lang='lat' dir='ltr'>et</span> <span class='ocrx_word' id='word_1_245' title='bbox 640 2314 733 2351; x_wconf 88' lang='lat' dir='ltr'>c&#39;est</span> <span class='ocrx_word' id='word_1_246' title='bbox 759 2314 794 2350; x_wconf 91' lang='lat' dir='ltr'>le</span> <span class='ocrx_word' id='word_1_247' title='bbox 824 2314 865 2350; x_wconf 87' lang='grc'>12</span> <span class='ocrx_word' id='word_1_248' title='bbox 894 2313 1110 2360; x_wconf 82' lang='lat' dir='ltr'>septembre</span> <span class='ocrx_word' id='word_1_249' title='bbox 1137 2322 1209 2359; x_wconf 89' lang='lat' dir='ltr'>que</span> <span class='ocrx_word' id='word_1_250' title='bbox 1237 2322 1464 2359; x_wconf 67' lang='lat' dir='ltr'>commenea</span> <span class='ocrx_word' id='word_1_251' title='bbox 1491 2312 1526 2348; x_wconf 89' lang='lat' dir='ltr'>le</span> <span class='ocrx_word' id='word_1_252' title='bbox 1558 2311 1662 2358; x_wconf 81' lang='lat' dir='ltr'>siege</span> <span class='ocrx_word' id='word_1_253' title='bbox 1690 2311 1735 2346; x_wconf 91' lang='lat' dir='ltr'>de</span> 
     </span>
     <span class='ocr_line' id='line_1_30' title="bbox 330 2370 1736 2420; baseline -0.004 -10"><span class='ocrx_word' id='word_1_254' title='bbox 330 2374 571 2419; x_wconf 82' lang='lat' dir='ltr'>Bourhourg,</span> <span class='ocrx_word' id='word_1_255' title='bbox 599 2372 663 2420; x_wconf 88' lang='lat' dir='ltr'>qui</span> <span class='ocrx_word' id='word_1_256' title='bbox 694 2372 788 2408; x_wconf 84' lang='lat' dir='ltr'>dura</span> <span class='ocrx_word' id='word_1_257' title='bbox 815 2371 993 2419; x_wconf 82' lang='lat' dir='ltr'>jusqu’au</span> <span class='ocrx_word' id='word_1_258' title='bbox 1022 2371 1077 2407; x_wconf 81' lang='lat'>19.</span> <span class='ocrx_word' id='word_1_259' title='bbox 1101 2371 1156 2406; x_wconf 82' lang='lat' dir='ltr'>La</span> <span class='ocrx_word' id='word_1_260' title='bbox 1177 2371 1383 2415; x_wconf 79' lang='lat' dir='ltr'>Chronique</span> <span class='ocrx_word' id='word_1_261' title='bbox 1408 2371 1458 2405; x_wconf 81' lang='lat' dir='ltr'>du</span> <span class='ocrx_word' id='word_1_262' title='bbox 1483 2371 1671 2414; x_wconf 73' lang='lat' dir='ltr'>Reliyz’eux</span> <span class='ocrx_word' id='word_1_263' title='bbox 1695 2370 1736 2405; x_wconf 83' lang='lat' dir='ltr'>de</span> 
     </span>
     <span class='ocr_line' id='line_1_31' title="bbox 329 2426 1735 2477; baseline -0.005 -9"><span class='ocrx_word' id='word_1_264' title='bbox 329 2433 572 2477; x_wconf 73' lang='lat' dir='ltr'>Saint-Denys</span> <span class='ocrx_word' id='word_1_265' title='bbox 593 2433 634 2475; x_wconf 89' lang='lat' dir='ltr'>(t.</span> <span class='ocrx_word' id='word_1_266' title='bbox 651 2430 682 2476; x_wconf 91' lang='grc' dir='ltr'>Ι,</span> <span class='ocrx_word' id='word_1_267' title='bbox 703 2441 739 2477; x_wconf 93' lang='lat' dir='ltr'>p.</span> <span class='ocrx_word' id='word_1_268' title='bbox 762 2430 845 2470; x_wconf 83' lang='grc'>284)</span> <span class='ocrx_word' id='word_1_269' title='bbox 867 2429 993 2464; x_wconf 88' lang='lat' dir='ltr'>donne</span> <span class='ocrx_word' id='word_1_270' title='bbox 1017 2428 1062 2464; x_wconf 89' lang='lat' dir='ltr'>de</span> <span class='ocrx_word' id='word_1_271' title='bbox 1083 2428 1241 2464; x_wconf 83' lang='lat' dir='ltr'>curieux</span> <span class='ocrx_word' id='word_1_272' title='bbox 1262 2427 1398 2463; x_wconf 81' lang='lat' dir='ltr'>details</span> <span class='ocrx_word' id='word_1_273' title='bbox 1419 2438 1484 2462; x_wconf 91' lang='lat' dir='ltr'>sur</span> <span class='ocrx_word' id='word_1_274' title='bbox 1505 2427 1542 2462; x_wconf 85' lang='lat' dir='ltr'>la</span> <span class='ocrx_word' id='word_1_275' title='bbox 1561 2426 1735 2462; x_wconf 83' lang='lat' dir='ltr'>trahison</span> 
     </span>
     <span class='ocr_line' id='line_1_32' title="bbox 330 2484 1734 2535; baseline -0.006 -8"><span class='ocrx_word' id='word_1_276' title='bbox 330 2491 380 2527; x_wconf 89' lang='lat' dir='ltr'>du</span> <span class='ocrx_word' id='word_1_277' title='bbox 400 2490 471 2526; x_wconf 86' lang='lat' dir='ltr'>duc</span> <span class='ocrx_word' id='word_1_278' title='bbox 491 2489 537 2526; x_wconf 90' lang='lat' dir='ltr'>de</span> <span class='ocrx_word' id='word_1_279' title='bbox 558 2490 764 2535; x_wconf 85' lang='lat' dir='ltr'>Bretagne,</span> <span class='ocrx_word' id='word_1_280' title='bbox 787 2487 809 2523; x_wconf 71' lang='grc' dir='ltr'>ὲ</span> <span class='ocrx_word' id='word_1_281' title='bbox 829 2488 1051 2523; x_wconf 82' lang='lat' dir='ltr'>l&#39;influenee</span> <span class='ocrx_word' id='word_1_282' title='bbox 1072 2486 1213 2534; x_wconf 88' lang='lat' dir='ltr'>duquel</span> <span class='ocrx_word' id='word_1_283' title='bbox 1234 2487 1270 2522; x_wconf 82' lang='lat' dir='ltr'>la</span> <span class='ocrx_word' id='word_1_284' title='bbox 1291 2485 1474 2533; x_wconf 82' lang='lat' dir='ltr'>garnison</span> <span class='ocrx_word' id='word_1_285' title='bbox 1492 2485 1666 2532; x_wconf 85' lang='lat' dir='ltr'>anglaise</span> <span class='ocrx_word' id='word_1_286' title='bbox 1687 2484 1734 2520; x_wconf 90' lang='lat' dir='ltr'>de</span> 
     </span>
     <span class='ocr_line' id='line_1_33' title="bbox 331 2543 1734 2595; baseline -0.004 -10"><span class='ocrx_word' id='word_1_287' title='bbox 331 2549 559 2595; x_wconf 83' lang='lat' dir='ltr'>Bourbourg</span> <span class='ocrx_word' id='word_1_288' title='bbox 579 2548 644 2584; x_wconf 79' lang='lat' dir='ltr'>dut</span> <span class='ocrx_word' id='word_1_289' title='bbox 661 2559 729 2584; x_wconf 88' lang='lat' dir='ltr'>son</span> <span class='ocrx_word' id='word_1_290' title='bbox 746 2548 860 2583; x_wconf 83' lang='lat' dir='ltr'>salut.</span> <span class='ocrx_word' id='word_1_291' title='bbox 877 2546 932 2583; x_wconf 84' lang='lat' dir='ltr'>Cf.</span> <span class='ocrx_word' id='word_1_292' title='bbox 949 2546 1153 2591; x_wconf 81' lang='lat' dir='ltr'>Froissart,</span> <span class='ocrx_word' id='word_1_293' title='bbox 1170 2545 1228 2582; x_wconf 77' lang='lat' dir='ltr'>ed.</span> <span class='ocrx_word' id='word_1_294' title='bbox 1246 2545 1405 2592; x_wconf 84' lang='lat' dir='ltr'>Kervyn</span> <span class='ocrx_word' id='word_1_295' title='bbox 1420 2543 1466 2580; x_wconf 91' lang='lat' dir='ltr'>de</span> <span class='ocrx_word' id='word_1_296' title='bbox 1479 2543 1734 2589; x_wconf 87' lang='lat' dir='ltr'>Lettenhove,</span> 
     </span>
     <span class='ocr_line' id='line_1_34' title="bbox 330 2606 746 2653; baseline -0.005 -9"><span class='ocrx_word' id='word_1_297' title='bbox 330 2614 357 2644; x_wconf 91' lang='lat' dir='ltr'>t.</span> <span class='ocrx_word' id='word_1_298' title='bbox 383 2608 435 2652; x_wconf 88' lang='lat' dir='ltr'>X,</span> <span class='ocrx_word' id='word_1_299' title='bbox 459 2619 493 2653; x_wconf 91' lang='lat' dir='ltr'>p.</span> <span class='ocrx_word' id='word_1_300' title='bbox 519 2608 587 2643; x_wconf 80' lang='lat'>515</span> <span class='ocrx_word' id='word_1_301' title='bbox 608 2612 645 2643; x_wconf 83' lang='lat' dir='ltr'>et</span> <span class='ocrx_word' id='word_1_302' title='bbox 666 2606 746 2643; x_wconf 83' lang='grc'><strong>516.</strong></span> 
     </span>
    </p>

    <p class='ocr_par' dir='ltr' id='par_1_7' title="bbox 377 2662 1111 2711">
     <span class='ocr_line' id='line_1_35' title="bbox 377 2662 1111 2711; baseline -0.007 -9"><span class='ocrx_word' id='word_1_303' title='bbox 377 2667 410 2703; x_wconf 84' lang='grc'>3.</span> <span class='ocrx_word' id='word_1_304' title='bbox 435 2667 487 2701; x_wconf 89' lang='lat' dir='ltr'>Le</span> <span class='ocrx_word' id='word_1_305' title='bbox 510 2666 550 2701; x_wconf 83' lang='grc'><strong>17</strong></span> <span class='ocrx_word' id='word_1_306' title='bbox 573 2664 791 2711; x_wconf 83' lang='lat' dir='ltr'>septembre</span> <span class='ocrx_word' id='word_1_307' title='bbox 813 2665 934 2709; x_wconf 82' lang='lat' dir='ltr'>(Ibid.,</span> <span class='ocrx_word' id='word_1_308' title='bbox 957 2674 993 2709; x_wconf 92' lang='lat' dir='ltr'>p.</span> <span class='ocrx_word' id='word_1_309' title='bbox 1016 2662 1111 2701; x_wconf 73' lang='grc'><strong>2561.</strong></span> 
     </span>
    </p>

    <p class='ocr_par' dir='ltr' id='par_1_8' title="bbox 336 2718 1734 2830">
     <span class='ocr_line' id='line_1_36' title="bbox 380 2718 1734 2769; baseline -0.005 -9"><span class='ocrx_word' id='word_1_310' title='bbox 380 2725 413 2760; x_wconf 88' lang='lat'>4.</span> <span class='ocrx_word' id='word_1_311' title='bbox 436 2723 672 2760; x_wconf 70' lang='lat' dir='ltr'>C’est-{t-dire</span> <span class='ocrx_word' id='word_1_312' title='bbox 692 2723 779 2769; x_wconf 81' lang='lat' dir='ltr'>pres</span> <span class='ocrx_word' id='word_1_313' title='bbox 793 2722 838 2759; x_wconf 91' lang='lat' dir='ltr'>de</span> <span class='ocrx_word' id='word_1_314' title='bbox 855 2720 1118 2757; x_wconf 84' lang='lat' dir='ltr'>Saint-Omer.</span> <span class='ocrx_word' id='word_1_315' title='bbox 1138 2720 1189 2756; x_wconf 88' lang='lat' dir='ltr'>Le</span> <span class='ocrx_word' id='word_1_316' title='bbox 1202 2721 1247 2757; x_wconf 82' lang='grc'>22</span> <span class='ocrx_word' id='word_1_317' title='bbox 1263 2719 1493 2767; x_wconf 87' lang='lat' dir='ltr'>septembre,</span> <span class='ocrx_word' id='word_1_318' title='bbox 1507 2718 1665 2754; x_wconf 82' lang='lat' dir='ltr'>charles</span> <span class='ocrx_word' id='word_1_319' title='bbox 1679 2718 1734 2754; x_wconf 92' lang='lat' dir='ltr'>VI</span> 
     </span>
     <span class='ocr_line' id='line_1_37' title="bbox 336 2777 1733 2830; baseline -0.005 -11"><span class='ocrx_word' id='word_1_320' title='bbox 336 2782 516 2830; x_wconf 77' lang='lat' dir='ltr'>seJ&#39;ourna</span> <span class='ocrx_word' id='word_1_321' title='bbox 540 2782 562 2818; x_wconf 74' lang='grc' dir='ltr'>ἐι</span> <span class='ocrx_word' id='word_1_322' title='bbox 588 2781 761 2829; x_wconf 81' lang='lat' dir='ltr'>l’abbaye</span> <span class='ocrx_word' id='word_1_323' title='bbox 789 2780 835 2817; x_wconf 92' lang='lat' dir='ltr'>de</span> <span class='ocrx_word' id='word_1_324' title='bbox 864 2778 1148 2826; x_wconf 83' lang='lat' dir='ltr'>Blandecques,</span> <span class='ocrx_word' id='word_1_325' title='bbox 1175 2779 1302 2815; x_wconf 81' lang='lat' dir='ltr'>arriva</span> <span class='ocrx_word' id='word_1_326' title='bbox 1332 2779 1366 2814; x_wconf 86' lang='lat' dir='ltr'>le</span> <span class='ocrx_word' id='word_1_327' title='bbox 1392 2778 1435 2815; x_wconf 87' lang='grc'>27</span> <span class='ocrx_word' id='word_1_328' title='bbox 1462 2777 1485 2812; x_wconf 74' lang='grc' dir='ltr'>ὲ,</span> <span class='ocrx_word' id='word_1_329' title='bbox 1509 2777 1688 2825; x_wconf 83' lang='lat' dir='ltr'>Amiens⁷</span> <span class='ocrx_word' id='word_1_330' title='bbox 1709 2788 1733 2823; x_wconf 85' lang='lat' dir='ltr'>y</span> 
     </span>
    </p>
   </div>
  </div>
 </body>
</html>
