1941 3294
450 274 817 307 GHRONOGRAPHIA
844 274 996 307 REGUM
1021 273 1300 307 FRANCORUM.
1511 272 1575 308 221

178 351 301 398 sellis
321 351 421 398 fieri
445 351 567 408 fecit,
592 351 719 414 quod
745 367 932 398 omnem
955 351 1213 398 exercitum
1240 367 1396 407 suum,
1419 351 1466 398 in
1488 368 1581 414 quo

178 433 310 474 erant
325 428 572 491 plusquam
585 426 854 490 quindecies
872 434 1057 474 centum
1075 427 1196 473 mille
1215 427 1444 485 homines,
1461 427 1582 475 infra

178 503 296 551 duos
319 503 418 550 dies
437 503 610 550 flumen
634 503 833 550 transire
854 502 977 550 fecit.
1002 505 1101 561 Quo
1119 502 1316 549 transito
1339 501 1452 549 abiit
1477 508 1582 549 ante

177 580 459 644 Halapiam¹,
481 579 649 627 urbem
669 579 1003 627 nobilissimam
1022 579 1068 625 in
1090 578 1272 626 excelsa
1288 595 1405 641 rupe
1423 579 1576 635 sitam,

176 657 255 704 ubi
289 657 463 704 invenit
498 656 708 703 homines
743 673 983 704 armorum
1019 654 1196 703 soldani
1231 654 1465 702 Babilonie
1501 655 1581 718 qui

175 734 298 781 intus
323 734 369 780 in
394 733 594 780 maxima
620 732 875 795 quantitate
900 749 948 780 se
967 732 1346 788 intromiserant;
1369 731 1583 779 conside-

175 826 283 857 rans
317 810 472 873 itaque
502 825 592 872 que
627 809 747 856 circa
779 809 865 856 hec
899 815 1032 857 erant
1067 808 1422 865 consideranda,
1460 808 1581 856 clare

174 885 422 949 perpendit
453 884 577 947 quod
616 884 739 932 illam
782 885 1018 932 civitatem
1057 902 1226 948 capere
1257 901 1350 932 non
1384 884 1577 942 valeret,

175 962 258 1009 nisi
284 962 485 1009 maxima
510 962 687 1009 cautela
715 979 768 1009 ac
795 961 1087 1025 deceptione.

237 1042 293 1086 Et
318 1045 428 1085 tunc
456 1038 607 1085 tribus
634 1038 800 1086 diebus
833 1045 940 1086 ante
972 1039 1139 1086 urbem
1170 1038 1386 1101 expletis,
1417 1044 1581 1102 quarta

173 1114 247 1162 die
273 1115 464 1162 recessit
489 1132 593 1162 cum
625 1115 787 1179 majori
817 1121 950 1178 parte
977 1131 1170 1162 suorum
1194 1121 1240 1162 et
1266 1114 1426 1162 abiens
1451 1120 1580 1162 retro

173 1193 423 1256 quemdam
448 1198 655 1240 montem
682 1209 902 1256 magnum
927 1198 973 1239 et
997 1193 1160 1250 altum,
1189 1192 1371 1240 duobus
1391 1192 1533 1240 leucis
1556 1210 1582 1240 a

172 1269 356 1317 civitate
370 1270 620 1317 distantem
637 1270 684 1316 in
703 1269 905 1316 latibulis
925 1285 974 1317 se
990 1269 1164 1332 posuit,
1183 1269 1422 1316 dimittens
1436 1269 1580 1317 filium

173 1361 307 1392 suum
335 1361 440 1392 cum
465 1354 585 1393 XXXM
610 1345 851 1392 hominum
879 1350 984 1392 ante
1011 1344 1265 1399 civitatem,
1297 1345 1448 1392 eidem
1474 1362 1582 1408 pre-

171 1421 387 1484 cipiendo
407 1421 535 1484 quod
551 1437 663 1468 mox
681 1438 786 1468 cum
803 1427 1011 1484 potestas
1032 1421 1210 1468 soldani
1225 1422 1423 1469 irrueret
1438 1439 1580 1485 super

172 1514 296 1555 eum,
320 1514 487 1561 parum
512 1497 768 1554 resisteret,
792 1497 960 1545 deinde
981 1497 1110 1545 ocius
1136 1498 1343 1561 fugeret3
1366 1498 1431 1546 sic
1457 1498 1579 1545 enim

172 1574 277 1621 fecit
297 1591 382 1637 per
402 1575 609 1638 spacium
629 1574 771 1621 trium
789 1573 973 1621 dierum
1002 1592 1010 1620 :
1037 1579 1083 1620 et
1102 1574 1260 1621 statim
1278 1574 1404 1638 quod
1423 1580 1579 1638 potes-

170 1655 243 1697 tas
264 1650 458 1706 soldani,
481 1667 571 1714 que
598 1651 801 1697 maxima
826 1657 944 1708 erat,
974 1651 1188 1698 veniebat
1209 1668 1351 1715 super
1369 1668 1467 1709 eos,
1489 1652 1578 1715 Ipsi

173 1743 340 1791 parum
366 1744 415 1774 se
444 1727 770 1775 deffendebant
796 1733 842 1774 et
871 1727 1085 1791 protinus
1118 1727 1375 1792 fugiebant.
1408 1731 1580 1786 Quarta

172 1821 285 1851 vero
306 1804 379 1851 die
405 1821 511 1852 cum
538 1804 777 1851 conflictus
803 1804 1095 1851 efferbuisset
1120 1804 1242 1852 inter
1261 1821 1342 1852 eos
1362 1811 1408 1852 et
1431 1805 1580 1852 homi-

171 1897 253 1928 nes
277 1880 454 1927 soldani
476 1880 657 1944 longius
681 1880 915 1944 fugassent
941 1897 1039 1938 eos,
1064 1883 1234 1928 Temur
1256 1885 1348 1944 Bey
1371 1881 1451 1944 qui
1472 1897 1579 1929 cum

172 1957 284 2013 suis,
314 1964 363 2004 ut
387 1956 563 2004 dictum
586 1964 673 2013 est,
703 1957 748 2003 in
774 1957 976 2004 latibulis
999 1963 1117 2014 erat,
1147 1958 1356 2005 concitus
1382 1958 1509 2005 venit
1534 1964 1580 2006 et

171 2034 292 2081 inter
324 2034 489 2081 urbem
522 2040 567 2081 et
597 2034 742 2081 filium
778 2051 916 2081 suum
951 2034 1052 2081 illos
1087 2034 1287 2092 inclusit,
1326 2034 1485 2098 ibique
1519 2035 1579 2082 de

172 2193 304 2243 sunt,
333 2186 499 2234 deinde
526 2186 760 2233 civitatem
791 2187 913 2250 cepit
942 2194 987 2234 et
1015 2188 1157 2235 rebus
1190 2187 1400 2245 sublatis,
1428 2188 1578 2252 majo-

171 2280 273 2310 rem
294 2269 476 2327 partem
496 2263 807 2311 habitancium
830 2264 875 2311 in
903 2281 956 2311 ea
983 2265 1170 2312 occidit.

236 2339 539 2386 Postmodum
565 2342 840 2387 Damascum
868 2340 1014 2387 adivit
1043 2347 1090 2387 et
1116 2339 1218 2404 xjcim
1245 2340 1411 2388 diebus
1440 2341 1577 2388 obse-

169 2416 237 2464 dit
268 2433 320 2463 ac
350 2433 509 2463 muros
536 2416 634 2480 ejus
660 2416 871 2480 pluribus
897 2417 941 2463 in
969 2417 1080 2464 locis
1107 2417 1259 2464 taliter
1283 2418 1571 2475 subcavavit,

170 2493 295 2557 quod
327 2493 450 2540 cives
486 2492 698 2540 videntes
727 2510 776 2540 se
807 2493 1007 2557 amplius
1038 2510 1132 2541 non
1166 2511 1304 2557 posse
1334 2494 1572 2551 resistere,

170 2569 475 2617 reddiderunt
502 2586 550 2616 sc
583 2570 641 2616 ei.
672 2572 771 2628 Quo
802 2571 939 2627 facto,
967 2571 1125 2618 statim
1158 2588 1271 2619 voce
1304 2571 1576 2634 preconaria

166 2647 304 2711 jussit
329 2647 455 2710 quod
482 2663 644 2694 omnes
671 2647 932 2711 presbyteri
961 2649 1019 2695 de
1051 2649 1152 2713 lege
1182 2649 1469 2705 Machomeffi,
1498 2649 1575 2711 qui

222 2814 255 2849 1.
278 2813 388 2861 Alep.
