1941 3294
180 254 286 301 1387]
457 256 827 290 CHRONOGRAPHIA
852 257 1006 290 REGUM
1030 255 1309 288 FRANCORUM.
1538 252 1581 290 89

179 346 332 386 ereata
369 354 466 386 esse
502 336 768 399 simpliciter
802 344 844 384 et
879 336 1078 384 absolute
1118 351 1298 383 neeesse
1341 351 1454 391 esse,
1493 351 1583 383 non

179 422 247 463 est
283 417 331 462 in
369 415 519 478 aliquo
565 420 720 461 contra
761 414 912 475 fidem.
952 441 1014 449 —
1051 412 1328 460 Revocanda
1368 418 1439 459 est
1480 418 1583 459 tan-

179 507 320 554 quam
346 491 458 538 falsa
488 496 534 537 et
554 490 674 537 male
701 506 870 537 sonans
896 490 941 537 in
974 489 1067 536 fide
1093 488 1347 537 secundum
1372 505 1583 537 commu-

177 583 286 614 nem
312 567 505 614 modum
529 565 749 629 loquendi
777 566 1121 630 theologorum,
1152 581 1236 613 nec
1262 572 1332 613 est
1358 581 1415 612 ex
1443 564 1580 612 dictis

177 643 330 691 Sancti
356 643 530 690 Thome
549 641 799 689 asserenda
819 642 866 689 in
886 659 1024 689 sensu
1044 658 1186 705 quem
1211 641 1383 698 reddit,
1407 647 1581 688 attenta

175 719 328 782 prima
364 716 684 782 propositione
720 733 861 780 quam
896 718 1090 765 assumit
1126 717 1185 764 ad
1219 717 1581 765 declarationem

174 795 295 843 dicte
315 794 667 858 propositionis,
691 794 737 840 in
759 811 850 858 qua
871 794 982 842 dicit
1003 794 1129 858 quod
1156 794 1309 858 aliqua
1328 811 1404 841 res
1424 800 1579 842 creata

174 877 220 918 et
239 871 509 935 simpliciter
535 876 606 918 est
630 871 841 918 absolute
862 888 1052 918 necesse
1077 888 1179 919 esse
1210 890 1219 919 :
1245 871 1480 935 equipolet
1505 871 1581 919 isti

173 947 375 1011 aliquam
397 963 497 995 rem
525 951 730 994 creatam
751 947 1039 1011 impossibile
1065 953 1247 995 estnon
1275 965 1394 996 esse.

239 1024 445 1088 Septima
491 1024 753 1088 propositio
799 1042 808 1071 z
854 1024 1043 1072 Necesse
1088 1041 1184 1072 esse
1227 1041 1316 1072 non
1359 1032 1584 1088 repuqnat

173 1118 270 1149 esse
304 1109 557 1149 causatum.
593 1130 657 1137 —
690 1101 970 1150 Revocanda
1013 1107 1085 1149 est
1121 1107 1343 1165 tanquam
1384 1102 1497 1148 falsa
1537 1106 1583 1148 et

171 1195 368 1226 erronea
388 1179 434 1225 in
450 1178 561 1235 fide,
593 1183 770 1225 attento
791 1178 947 1241 primo
964 1177 1216 1224 correlario
1238 1178 1448 1242 ejusdem
1472 1194 1582 1241 pro-

171 1255 416 1318 positionis
455 1271 562 1302 cum
604 1271 687 1302 sua
727 1254 1029 1318 probatione,
1075 1254 1121 1300 in
1167 1271 1258 1316 qua
1297 1254 1410 1301 dicit
1453 1255 1581 1317 quod

172 1348 362 1379 necesse
387 1348 489 1379 esse
515 1337 586 1379 est
609 1331 722 1378 illud
744 1331 871 1394 quod
892 1337 962 1378 est
986 1330 1276 1378 immutabile
1295 1336 1392 1378 tam
1418 1348 1583 1379 secun-

170 1407 284 1454 dum
305 1406 620 1454 substanciam
643 1423 785 1470 quam
802 1407 1059 1454 secundum
1076 1406 1290 1454 accidens
1307 1424 1318 1463 ;
1347 1407 1476 1470 quod
1496 1407 1582 1454 soli

170 1486 266 1531 Deo
291 1483 523 1548 congruit.

236 1562 408 1609 Octava
430 1559 693 1624 propositio
724 1577 734 1607 :
759 1559 905 1623 Maqis
928 1567 996 1608 est
1021 1575 1261 1608 consonum
1286 1561 1395 1623 fidei
1414 1577 1583 1624 ponere

173 1638 350 1701 aliquid
398 1638 540 1685 citra¹
580 1639 781 1701 primum
826 1653 923 1684 6336
970 1637 1170 1685 absolute
1221 1645 1264 1685 et
1314 1639 1584 1702 simpliciter

171 1730 351 1762 neeesse
391 1730 512 1772 6336,
553 1730 686 1778 quam
717 1730 886 1778 ponere
928 1716 1076 1777 ipsum
1115 1716 1215 1762 sine
1255 1715 1413 1779 aliqua
1453 1716 1584 1763 addi-

173 1792 292 1839 tione
327 1793 445 1839 eitra
480 1807 661 1839 neeesse
696 1807 811 1838 esse.
847 1818 910 1826 -—
940 1791 1220 1839 Revocanda
1255 1797 1326 1838 est
1357 1796 1581 1854 tanquam

171 1867 283 1915 falsa
297 1873 344 1915 et
360 1884 574 1924 erronea,
599 1874 796 1931 propter
813 1867 976 1914 falsam
997 1867 1363 1931 implicationem
1385 1875 1431 1916 et
1451 1885 1583 1916 erro-

168 1961 305 1992 neam
339 1945 738 2008 comparationem
777 1960 919 2007 quam
957 1944 1176 2003 includit,
1217 1945 1344 2008 quod
1379 1946 1582 2009 aliquam

169 2038 270 2068 rem
304 2029 509 2070 creatam
545 2038 645 2069 esse
680 2038 870 2069 necesse
907 2038 1011 2070 esse
1039 2029 1110 2069 est
1144 2039 1403 2070 consonum
1441 2024 1579 2070 Sacre

171 2098 434 2162 Scriptum,
476 2104 523 2146 et
562 2115 648 2162 per
685 2115 976 2162 consequens
1015 2099 1189 2162 aliquid
1228 2105 1436 2147 creatum
1478 2116 1582 2147 esse

170 2173 429 2222 increatum
453 2192 573 2232 esse,
603 2176 730 2239 quod
757 2176 1175 2224 contradictionem
1201 2176 1413 2225 includit.

235 2254 364 2298 Nona
390 2251 652 2313 propositio
678 2268 687 2297 :
712 2252 926 2300 Asserere
946 2253 1123 2316 aliquid
1148 2254 1245 2315 fore
1267 2269 1441 2310 veram,
1466 2255 1582 2317 quod

170 2333 237 2374 est
267 2333 424 2375 eontra
452 2326 639 2375 Sacram
669 2327 971 2391 Scripturam‚
1004 2335 1073 2376 est
1101 2331 1444 2393 expressissime
1477 2346 1582 2378 eon-

169 2410 244 2451 tra
276 2404 428 2466 fidem.
464 2432 528 2439 —
561 2405 838 2452 Revocanda
869 2412 938 2452 est
974 2411 1198 2469 tanquam
1232 2406 1344 2453 falsa
1379 2412 1426 2453 et
1462 2406 1582 2471 inju-

166 2480 291 2527 riosa
317 2480 495 2528 Sanctis
522 2485 568 2528 et
593 2480 866 2529 doctoribus
899 2482 938 2529 si
971 2498 1073 2529 eam
1107 2482 1331 2547 intelligat
1356 2482 1575 2540 utiliter2‚

168 2562 309 2620 prout
333 2557 378 2603 in
400 2557 500 2621 ejus
525 2556 803 2620 probatione
829 2558 1016 2607 videtur
1034 2559 1334 2623 pretendere,
1365 2559 1474 2623 quia
1501 2560 1581 2607 ali-

219 2688 251 2722 1.
275 2687 327 2723 Le
346 2691 451 2723 texte
472 2686 517 2724 de
539 2686 672 2724 Pierre
693 2686 836 2736 d’Ailly
856 2695 965 2736 porte
985 2701 1055 2726 esse
1077 2701 1124 2726 au
1147 2690 1223 2726 lieu
1245 2689 1289 2725 de
1311 2691 1423 2726 citra.

217 2745 251 2781 2.
277 2746 329 2782 Le
350 2751 454 2783 texte
475 2746 521 2783 de
543 2746 674 2783 Pierre
696 2745 837 2794 d'Ailly
858 2753 964 2795 porte
986 2751 1164 2795 intelligat
1184 2751 1459 2786 universaliter.
