1941 3294
177 250 281 297 1394]
451 252 822 286 GHRONOGRAPHIA
848 253 1002 286 REGUM
1026 252 1306 286 FRANGORUM.
1512 250 1574 286 111

179 350 199 376 ιι
231 337 414 378 trorum
437 336 655 379 revocata
685 336 792 377 ante
817 330 976 378 oculos
1000 329 1215 393 exempla
1240 329 1413 377 multos
1439 330 1575 377 nobis

179 425 199 451 (ι
231 412 277 454 et
297 407 527 454 maximos
545 406 592 453 in
612 405 770 453 arduis
790 406 1074 469 quibuslibet
1095 406 1153 453 ad
1175 400 1396 454 virtutem
1416 422 1580 469 capes-

179 501 200 527 «
231 483 425 531 sendam
445 482 656 530 stimulos
682 482 922 539 incutiant,
945 487 1150 530 attamen
1170 482 1250 529 ubi
1268 482 1506 547 religionis
1532 487 1580 529 et

178 577 199 602 <t
231 558 339 606 fidei
372 574 448 606 res
482 557 660 622 geritur
695 557 753 604 ad
788 564 976 606 strenue
1016 563 1063 606 et
1099 557 1293 605 viriliter
1325 558 1576 622 agendum,

178 654 199 680 <t
230 640 455 697 quantum
491 639 650 682 nostra
684 633 908 682 interesse
938 639 1111 698 potest,
1143 650 1201 681 ex
1234 650 1400 681 eorum
1432 634 1581 681 moni-

176 730 196 755 «
229 711 398 759 mentis
414 727 467 758 ac
483 710 644 775 gestis,
664 710 826 775 majori
847 711 1052 773 quodam
1069 710 1239 758 ardore
1257 710 1576 758 accendimur.

176 807 196 832 c<
228 788 403 846 Quibus
423 804 610 851 semper
635 788 682 835 id
708 788 911 835 maxime
933 805 1043 836 cure
1069 788 1155 836 fuit
1177 804 1266 852 pro
1286 793 1580 835 sacrosancte

175 883 196 908 (ι
227 865 464 929 religionis
494 864 717 912 catholice
748 865 957 913 custodia
987 865 1217 912 continuis
1246 864 1414 928 vigiliis
1439 880 1581 911 excu-

175 960 195 986 «
228 940 357 998 bare,
387 958 444 989 ne
469 941 583 1004 quid
612 941 660 988 in
692 957 794 988 eam
824 941 1019 998 erroris,
1049 940 1319 988 detrimenti
1343 947 1424 988 aut
1447 956 1580 987 scan-

174 1036 194 1062 ‹1
227 1017 318 1065 dali
354 1018 602 1082 irreperet.
644 1017 717 1066 Sic
755 1035 925 1082 nempe
961 1017 1267 1066 salutifferum
1304 1033 1441 1065 suum
1479 1017 1580 1064 fore

174 1111 194 1136 α
227 1093 435 1142 studium
461 1093 756 1149 estimabant,
787 1095 826 1141 si
856 1094 969 1142 illud
1000 1094 1060 1141 ad
1089 1094 1353 1157 profectum
1384 1098 1431 1141 et
1458 1099 1580 1141 tute-

173 1189 194 1214 «
226 1170 318 1217 lam
344 1170 544 1218 Ecclesie
565 1171 923 1219 convertissent.

239 1266 259 1292 c<
290 1250 354 1294 Ea
385 1264 471 1294 nos
503 1247 746 1295 occasione
778 1247 922 1303 ducti,
957 1247 1056 1294 zelo
1087 1263 1276 1310 quoque
1303 1246 1473 1294 domus
1498 1246 1579 1294 Dei

173 1343 193 1368 α
225 1325 521 1388 potissimum
541 1324 747 1381 excitati,
771 1324 1001 1372 scismatis
1022 1324 1341 1371 nefandissimi
1367 1323 1582 1371 abhomi-

173 1420 193 1445 α
227 1401 428 1449 nabilem
473 1408 654 1465 pestem
699 1418 791 1464 que
839 1400 1092 1449 Ecclesiam
1139 1401 1308 1449 Christi
1357 1400 1581 1448 radicitus

173 1497 194 1522 «
226 1478 531 1534 exterminat,
584 1477 642 1526 de
695 1477 850 1525 medio
904 1494 1205 1540 summopere
1257 1476 1579 1525 desiderantes

174 1573 194 1599 (ι
226 1554 426 1611 auferre,
455 1571 540 1618 per
570 1554 808 1602 sexdecim
837 1554 1050 1602 evolutos
1075 1571 1223 1602 annos
1252 1554 1424 1617 quibus
1453 1553 1579 1601 idem

173 1650 194 1676 ex
226 1631 635 1679 sceleratissimum
667 1631 835 1678 scisma
864 1630 962 1695 jam
996 1631 1162 1695 viguit,
1202 1647 1325 1678 nunc
1359 1630 1580 1694 privatim

172 1727 192 1752 <x
224 1707 549 1770 disceptando,
580 1707 863 1755 conferendo
890 1713 936 1754 et
964 1708 1233 1765 scribendo,
1269 1724 1392 1755 nunc
1424 1707 1578 1770 palam

172 1802 192 1827 α
225 1789 271 1830 et
301 1783 348 1830 in
379 1789 543 1846 aperto
574 1799 734 1830 coram
764 1789 921 1831 vestra
953 1783 1226 1831 celsitudine
1261 1782 1390 1847 regia
1422 1782 1580 1846 predi-

172 1879 192 1904 «
224 1859 390 1917 cando,
431 1859 741 1922 proponendo
774 1866 915 1923 atque
950 1860 1243 1907 exhortando
1279 1859 1337 1907 ad
1374 1859 1576 1907 Ecclesie

171 1956 192 1982 «
222 1936 368 2000 ipsius
397 1936 633 1993 unionem,
663 1942 892 2000 quantum
929 1936 1067 1984 nobis
1092 1936 1316 1984 divinitus
1351 1935 1578 1984 facultatis

170 2032 191 2058 α
222 2018 324 2060 erat
365 2012 553 2071 datum,
601 2013 712 2061 eniti
763 2018 810 2061 et
856 2013 1074 2061 anhelare
1119 2013 1380 2061 nullatenus
1424 2029 1578 2061 cessa-

171 2109 192 2135 «
223 2090 396 2138 vimus.
433 2109 454 2135 ι)

232 2171 289 2215 Et
314 2167 380 2215 sic
404 2167 507 2214 finit
538 2185 546 2214 :
578 2186 599 2212 <x
630 2167 720 2216 Sed
743 2167 851 2231 quia
865 2167 962 2232 jam
982 2168 1094 2216 satis
1116 2168 1196 2216 diu
1218 2184 1303 2216 nos
1323 2184 1430 2216 cum
1454 2167 1577 2216 Petri

172 2264 192 2289 ι(
224 2244 449 2300 navicula,
479 2244 684 2307 satisque
708 2261 850 2308 super
876 2245 1092 2293 fluctibus
1113 2250 1159 2293 et
1186 2245 1441 2293 sevissimis
1467 2262 1579 2308 pro-

173 2340 193 2366 «
225 2321 349 2369 cellis
377 2321 532 2385 agitati
559 2321 660 2368 vela
685 2327 846 2369 nostra
874 2322 1130 2369 laborando
1159 2322 1434 2379 laxavimus,
1466 2322 1577 2369 libet

172 2417 192 2442 ι(
219 2399 315 2463 jam
341 2404 532 2462 portum
557 2403 734 2461 petere,
767 2399 846 2462 qui
873 2407 923 2447 ut
955 2399 1090 2447 nobis
1114 2399 1307 2446 liberior
1334 2398 1572 2462 tutiorque

171 2494 192 2520 ιι
224 2481 454 2539 patescat,
497 2475 815 2538 quiescentem
849 2492 972 2523 nunc
1012 2476 1257 2524 dominum
1296 2476 1573 2533 excitemus,

172 2570 192 2595 α
224 2551 524 2599 obsecrantes
571 2551 816 2600 instantius
862 2558 912 2600 ut
958 2559 1224 2616 quassatam
1273 2570 1391 2616 pene
1437 2552 1575 2600 undis

169 2680 227 2717 ed.
250 2681 409 2729 Kervyn
429 2681 475 2717 de
496 2681 752 2729 Lettenhove,
773 2687 800 2718 t.
824 2682 916 2729 XV,
937 2694 974 2730 p.
1006 2683 1090 2729 369,
1111 2688 1149 2719 et
1177 2684 1387 2728 Chronique
1414 2683 1464 2718 du
1486 2684 1575 2719 Reli-

169 2743 279 2786 qieuoe
297 2742 337 2776 de
357 2740 613 2785 Satnt-DenyS,
638 2746 665 2776 t.
689 2740 739 2786 11,
764 2753 798 2788 p.
823 2742 903 2778 136.
