1941 3294
200 281 302 327 1398]
473 280 842 315 CHRONOGRAPHIA
868 280 1021 314 REGUM
1046 278 1326 313 FRANGORUM.
1531 276 1596 312 157

196 360 380 424 ingenia
398 365 559 407 contra
579 358 764 405 diversa
782 358 880 405 loca
902 357 1063 420 palacii
1083 356 1254 419 quibus
1271 355 1461 402 maximi
1483 371 1600 418 pon-

196 437 322 484 deris
365 435 596 499 lapidibus
635 440 797 481 muro's
834 433 999 497 palacii
1036 432 1367 496 confregerunt
1400 431 1447 478 in
1488 431 1601 478 locis

196 513 410 576 plurimis
443 528 497 559 ac
531 511 733 574 turpiter
770 511 1238 574 dampnificaverunt.
1273 511 1368 555 Hac
1404 508 1601 555 durante

196 604 382 652 guerra,
418 588 522 634 villa
552 586 759 634 sollicitis
789 586 1130 634 observabatur
1160 584 1330 648 vigiliis
1354 601 1380 631 a
1409 583 1600 631 domino

195 664 415 711 cardinali
448 663 705 710 Novicastri
734 663 987 727 vulgariter
1006 660 1320 724 nuncupato¹‚
1358 660 1600 723 capitaneo

193 755 283 803 pro
316 739 628 787 cardinalibus
657 745 704 786 et
735 739 1069 786 communitate
1102 737 1225 794 ville,
1264 735 1343 800 qui
1382 741 1599 784 mortuus

191 822 263 862 est
282 821 387 863 ante
407 817 549 862 finem
569 814 780 879 ejusdem
799 831 968 879 guerre
990 814 1054 878 vja
1075 813 1150 861 die
1170 812 1376 860 octobris
1399 827 1599 875 sequen-

191 892 267 949 tis,
296 907 350 939 ac
380 892 479 955 ejus
504 892 606 939 loco
636 891 882 939 cardinalis
908 891 967 939 de
995 890 1193 955 Vergeio
1219 888 1476 954 vulgariter
1501 888 1598 936 dic—

192 969 293 1015 tus2
320 967 551 1015 stabilitus
577 973 668 1015 est.

258 1047 366 1091 Post
403 1044 595 1108 longum
626 1051 831 1107 tempus,
867 1042 998 1089 factis
1039 1042 1234 1090 induciis
1266 1041 1363 1105 viij⁰
1396 1040 1596 1098 dierum,

192 1136 299 1180 cum
325 1119 582 1167 cardinales
601 1120 659 1167 de
684 1119 997 1182 Pampilonass,
1022 1118 1081 1165 de
1108 1120 1277 1166 Sancto
1299 1117 1533 1165 Adriano4
1554 1123 1600 1163 et

193 1197 252 1245 de
283 1199 437 1260 Bayo5
467 1196 703 1243 venissent
734 1196 792 1243 de
819 1195 997 1258 palacio
1026 1195 1085 1242 ad
1114 1201 1294 1242 turrem
1320 1193 1514 1256 hospicii
1540 1193 1599 1240 de

192 1274 410 1321 Murolio6
429 1273 487 1320 ad
505 1272 771 1320 habendum
796 1272 1078 1335 colloquium
1098 1288 1205 1319 cum
1218 1270 1370 1317 tribus
1388 1269 1599 1317 cardina-

189 1350 310 1397 libus
342 1349 400 1396 de
432 1349 643 1413 collegio,
679 1348 753 1395 die
787 1348 968 1395 sabbati
1000 1348 1120 1395 infra
1152 1347 1409 1402 inducias⁷,
1445 1346 1507 1392 illi
1541 1346 1599 1393 de

190 1426 366 1488 palacio
385 1426 716 1489 confregerunt
737 1423 926 1471 easdem
949 1424 1158 1471 inducias
1178 1422 1436 1471 occidendo
1457 1438 1600 1485 quos-

191 1503 300 1550 dam
331 1502 390 1550 de
421 1502 528 1549 villa
553 1502 633 1565 qui
669 1502 756 1549 sub
792 1501 958 1549 umbra
990 1507 1264 1565 treugarum
1297 1499 1601 1548 inhesitanter

191 1580 520 1627 mercabantur
545 1579 592 1625 in
619 1578 733 1626 locis
759 1578 1042 1626 consuetisss.

239 1710 272 1745 1.
294 1709 409 1755 Jean,
439 1708 485 1745 de
514 1708 551 1744 la
578 1708 730 1744 maison
760 1707 807 1744 de
836 1707 1069 1744 Neufchatel
1100 1717 1149 1743 en
1178 1707 1424 1754 Bourgogne,
1453 1706 1599 1753 eveque

191 1767 349 1813 d'Ostie,
370 1773 470 1804 mort
492 1767 648 1803 suivant
669 1767 836 1803 d'autres
857 1767 892 1803 le
909 1767 929 1802 4
951 1766 1107 1803 octobre
1131 1766 1235 1802 1398.

235 1827 270 1863 2.
293 1826 514 1863 Guillaume
534 1826 579 1862 de
602 1826 747 1873 Vergy,
770 1825 943 1862 cardinal
963 1826 1014 1862 du
1033 1825 1123 1861 titre
1144 1825 1189 1861 de
1213 1824 1517 1862 Sainte-Gecile.

238 1887 270 1922 3.
294 1886 436 1922 Martin
465 1885 596 1932 Salva,
626 1885 772 1932 eveque
801 1884 846 1920 de
877 1884 1130 1932 Pampelune,
1158 1885 1330 1921 cardinal
1360 1884 1411 1921 du
1437 1885 1528 1922 titre
1553 1884 1600 1922 de

191 1944 498 1981 Saint-Laurent
518 1944 560 1979 in
580 1943 744 1980 Lucina.

236 2004 270 2039 4.
294 2003 479 2040 Boniface
499 2002 702 2048 Amanati‚
718 2003 752 2038 le
767 2003 893 2039 meme
908 2013 981 2050 que
996 2003 1030 2038 le
1044 2013 1287 2050 personnage
1301 2002 1460 2049 designo
1482 2002 1596 2038 d'une

190 2063 301 2111 facon
322 2073 428 2099 assez
449 2072 572 2109 vague
594 2073 660 2109 par
679 2062 714 2098 le
735 2061 942 2109 Religieux
962 2061 1008 2098 de
1029 2061 1297 2108 Saint-Denys
1319 2063 1359 2108 (t.
1381 2062 1433 2109 II,
1458 2073 1493 2109 p.
1517 2062 1596 2108 682)

190 2132 239 2157 en
266 2132 329 2158 ces
357 2127 502 2158 termes
526 2133 533 2156 :
568 2134 583 2154 a
607 2126 644 2156 et
673 2120 771 2157 alter
797 2126 957 2157 vocatus
987 2120 1230 2157 Bonifacius.
1255 2134 1271 2155 n
1304 2120 1338 2156 Il
1366 2126 1523 2156 mourut
1551 2131 1601 2157 en

190 2181 342 2217 l'annee
364 2180 454 2216 1398
475 2186 513 2215 et
535 2180 569 2216 le
590 2179 794 2226 Religieux
815 2179 943 2227 ajoute
965 2179 1057 2227 qu'il
1084 2185 1241 2216 mourut
1269 2179 1315 2215 de
1338 2179 1442 2225 faim,
1466 2191 1510 2216 ce
1534 2179 1599 2227 qui

190 2246 246 2276 est
267 2240 357 2275 faux
379 2239 549 2285 (Baluze,
576 2241 658 2275 Vttae
677 2242 868 2285 Paparum
888 2240 1212 2281 Avenionensium,
1238 2244 1265 2274 t.
1287 2238 1339 2282 Π,
1363 2239 1435 2275 col.
1460 2238 1578 2283 1129).

240 2300 272 2335 5.
299 2299 429 2334 Pierre
450 2298 561 2334 Blavi
581 2309 630 2334 ou
653 2298 780 2344 Blain,
805 2298 1123 2335 cardinal-diacre
1144 2298 1189 2334 de
1212 2296 1461 2345 Saint-Ange
1483 2298 1598 2344 (Len-

191 2356 286 2402 fant,
314 2358 473 2392 Histoire
501 2358 551 2391 clu
578 2359 712 2392 concile
742 2358 784 2392 cle
814 2359 901 2398 Piso,
934 2362 962 2393 t..
983 2356 1015 2403 Ι,
1038 2357 1133 2393 livre
1161 2356 1233 2402 ΠΙ,
1256 2368 1290 2403 p.
1316 2356 1411 2399 168).
1435 2356 1536 2392 C'est
1564 2356 1599 2391 le

190 2416 316 2451 meme
338 2425 580 2462 personnage
598 2415 716 2462 qu'un
742 2421 848 2452 texte
874 2415 1002 2462 publie
1026 2427 1094 2462 par
1121 2415 1267 2451 Baluze
1290 2416 1391 2461 (Vitae
1410 2417 1601 2461 Paparum

188 2475 511 2515 Avenionensmm,
536 2479 563 2509 t.
587 2474 639 2520 ΙΙ,
662 2475 734 2510 col.
758 2475 859 2520 1124)
883 2474 1043 2522 designe
1065 2486 1155 2511 sous
1177 2474 1211 2510 le
1234 2486 1324 2511 nom
1346 2474 1391 2510 de
1414 2474 1537 2521 Boyll.

238 2533 270 2569 6.
295 2533 444 2569 L’llotel
463 2533 508 2568 de
528 2533 627 2568 Jean
648 2533 692 2568 de
712 2533 849 2578 Murol,
872 2533 1045 2570 cardinal
1065 2534 1111 2570 de
1133 2533 1470 2580 Saiut—Gyriaque.

238 2593 273 2629 7.
295 2592 404 2629 Cette
424 2593 530 2628 treve
552 2591 654 2628 avait
677 2593 735 2628 ete
757 2593 958 2630 consentia
984 2604 1080 2639 pour
1104 2598 1315 2639 permettre
1342 2603 1418 2627 aux
1445 2591 1597 2628 ambas-

193 2651 351 2688 sadeurs
371 2651 587 2699 d'Arragon
608 2651 739 2687 d'aller
758 2651 892 2688 traiter
912 2652 934 2687 a
965 2652 1073 2688 Paris
1101 2662 1196 2689 avec
1222 2651 1287 2687 des
1309 2652 1599 2698 representants

195 2708 261 2746 des
281 2708 381 2745 deux
402 2709 537 2756 partis.

242 2769 276 2804 8.
297 2767 409 2804 Deux
427 2768 533 2816 jours
553 2769 678 2815 apres,
701 2768 737 2804 la
757 2769 864 2805 treve
885 2768 941 2805 fut
963 2780 1121 2816 rompue
1143 2780 1211 2816 par
1232 2770 1298 2806 500
1319 2780 1415 2816 gens
1435 2768 1600 2805 d'armes
