<?xml version="1.0" encoding="UTF-8"?>
<!DOCTYPE html PUBLIC "-//W3C//DTD XHTML 1.0 Transitional//EN"
    "http://www.w3.org/TR/xhtml1/DTD/xhtml1-transitional.dtd">
<html xmlns="http://www.w3.org/1999/xhtml" xml:lang="en" lang="en">
 <head>
  <title>
</title>
<meta http-equiv="Content-Type" content="text/html;charset=utf-8" />
  <meta name='ocr-system' content='tesseract 3.04.00' />
  <meta name='ocr-capabilities' content='ocr_page ocr_carea ocr_par ocr_line ocrx_word'/>
</head>
<body>
  <div class='ocr_page' id='page_1' title='image "./chronographiareg03mora_0247.png"; bbox 0 0 1941 3294; ppageno 0'>
   <div class='ocr_carea' id='block_1_1' title="bbox 196 284 1593 334">
    <p class='ocr_par' dir='ltr' id='par_1_1' title="bbox 196 284 1593 334">
     <span class='ocr_line' id='line_1_1' title="bbox 196 284 1593 334; baseline -0.003 -10"><span class='ocrx_word' id='word_1_1' title='bbox 196 288 300 334; x_wconf 82' lang='grc'>1400]</span> <span class='ocrx_word' id='word_1_2' title='bbox 463 289 832 323; x_wconf 77' lang='lat' dir='ltr'><strong>CHRONOGRAPHIA</strong></span> <span class='ocrx_word' id='word_1_3' title='bbox 857 288 1010 321; x_wconf 81' lang='lat' dir='ltr'><strong>REGUM</strong></span> <span class='ocrx_word' id='word_1_4' title='bbox 1034 287 1312 319; x_wconf 80' lang='lat' dir='ltr'><strong>FRANGORUM.</strong></span> <span class='ocrx_word' id='word_1_5' title='bbox 1526 284 1593 320; x_wconf 86' lang='lat'>185</span> 
     </span>
    </p>
   </div>
   <div class='ocr_carea' id='block_1_2' title="bbox 191 364 1594 889">
    <p class='ocr_par' dir='ltr' id='par_1_2' title="bbox 191 364 1594 889">
     <span class='ocr_line' id='line_1_2' title="bbox 194 364 1594 427; baseline -0.004 -12"><span class='ocrx_word' id='word_1_6' title='bbox 194 384 379 415; x_wconf 88' lang='lat' dir='ltr'>nocere.</span> <span class='ocrx_word' id='word_1_7' title='bbox 411 366 552 414; x_wconf 81' lang='lat' dir='ltr'>Affuit</span> <span class='ocrx_word' id='word_1_8' title='bbox 584 371 739 412; x_wconf 88' lang='lat' dir='ltr'>autem</span> <span class='ocrx_word' id='word_1_9' title='bbox 771 365 960 427; x_wconf 90' lang='lat' dir='ltr'>quidam</span> <span class='ocrx_word' id='word_1_10' title='bbox 987 364 1065 427; x_wconf 92' lang='lat' dir='ltr'>qui</span> <span class='ocrx_word' id='word_1_11' title='bbox 1099 380 1148 410; x_wconf 92' lang='lat' dir='ltr'>se</span> <span class='ocrx_word' id='word_1_12' title='bbox 1177 364 1462 426; x_wconf 81' lang='lat' dir='ltr'><strong>presentavit</strong></span> <span class='ocrx_word' id='word_1_13' title='bbox 1487 380 1594 410; x_wconf 89' lang='lat' dir='ltr'>eum</span> 
     </span>
     <span class='ocr_line' id='line_1_3' title="bbox 195 440 1593 506; baseline -0.004 -15"><span class='ocrx_word' id='word_1_14' title='bbox 195 444 482 506; x_wconf 80' lang='lat' dir='ltr'>decapitare3</span> <span class='ocrx_word' id='word_1_15' title='bbox 522 458 721 504; x_wconf 91' lang='lat' dir='ltr'>cumque</span> <span class='ocrx_word' id='word_1_16' title='bbox 755 441 850 504; x_wconf 78' lang='lat' dir='ltr'>jam</span> <span class='ocrx_word' id='word_1_17' title='bbox 888 446 1066 488; x_wconf 88' lang='lat' dir='ltr'>teneret</span> <span class='ocrx_word' id='word_1_18' title='bbox 1099 440 1322 495; x_wconf 87' lang='lat' dir='ltr'>securim,</span> <span class='ocrx_word' id='word_1_19' title='bbox 1356 440 1452 487; x_wconf 84' lang='lat' dir='ltr'>dux</span> <span class='ocrx_word' id='word_1_20' title='bbox 1486 456 1593 486; x_wconf 92' lang='lat' dir='ltr'>eum</span> 
     </span>
     <span class='ocr_line' id='line_1_4' title="bbox 193 516 1592 579; baseline -0.004 -11"><span class='ocrx_word' id='word_1_21' title='bbox 193 521 417 568; x_wconf 85' lang='lat' dir='ltr'>allocutus</span> <span class='ocrx_word' id='word_1_22' title='bbox 440 526 509 567; x_wconf 91' lang='lat' dir='ltr'>est</span> <span class='ocrx_word' id='word_1_23' title='bbox 532 519 577 565; x_wconf 90' lang='lat' dir='ltr'>in</span> <span class='ocrx_word' id='word_1_24' title='bbox 599 519 720 565; x_wconf 86' lang='lat' dir='ltr'>hunc</span> <span class='ocrx_word' id='word_1_25' title='bbox 746 518 939 565; x_wconf 90' lang='lat' dir='ltr'>modum</span> <span class='ocrx_word' id='word_1_26' title='bbox 966 535 975 564; x_wconf 77' lang='grc' dir='ltr'>ε</span> <span class='ocrx_word' id='word_1_27' title='bbox 1005 537 1024 562; x_wconf 78' lang='lat'>&lt;1</span> <span class='ocrx_word' id='word_1_28' title='bbox 1056 521 1154 564; x_wconf 86' lang='lat' dir='ltr'>Heu</span> <span class='ocrx_word' id='word_1_29' title='bbox 1174 517 1336 573; x_wconf 82' lang='lat' dir='ltr'>amice,</span> <span class='ocrx_word' id='word_1_30' title='bbox 1367 516 1480 579; x_wconf 90' lang='lat' dir='ltr'>quid</span> <span class='ocrx_word' id='word_1_31' title='bbox 1506 516 1592 563; x_wconf 92' lang='lat' dir='ltr'>feci</span> 
     </span>
     <span class='ocr_line' id='line_1_5' title="bbox 197 592 1594 656; baseline -0.001 -16"><span class='ocrx_word' id='word_1_32' title='bbox 197 615 217 640; x_wconf 78' lang='lat' dir='ltr'>&lt;t</span> <span class='ocrx_word' id='word_1_33' title='bbox 247 596 331 642; x_wconf 88' lang='lat' dir='ltr'>tibi</span> <span class='ocrx_word' id='word_1_34' title='bbox 365 601 443 642; x_wconf 87' lang='lat' dir='ltr'>aut</span> <span class='ocrx_word' id='word_1_35' title='bbox 473 594 564 641; x_wconf 86' lang='lat' dir='ltr'>tuis</span> <span class='ocrx_word' id='word_1_36' title='bbox 599 593 869 656; x_wconf 87' lang='lat' dir='ltr'>parentibus</span> <span class='ocrx_word' id='word_1_37' title='bbox 901 593 976 656; x_wconf 92' lang='lat' dir='ltr'>qui</span> <span class='ocrx_word' id='word_1_38' title='bbox 1010 593 1134 640; x_wconf 89' lang='lat' dir='ltr'>solus</span> <span class='ocrx_word' id='word_1_39' title='bbox 1165 592 1286 639; x_wconf 87' lang='lat' dir='ltr'>inter</span> <span class='ocrx_word' id='word_1_40' title='bbox 1314 593 1398 639; x_wconf 91' lang='lat' dir='ltr'>hos</span> <span class='ocrx_word' id='word_1_41' title='bbox 1431 608 1594 639; x_wconf 90' lang='lat' dir='ltr'>omnes</span> 
     </span>
     <span class='ocr_line' id='line_1_6' title="bbox 197 668 1589 733; baseline -0.001 -17"><span class='ocrx_word' id='word_1_42' title='bbox 197 691 217 716; x_wconf 69' lang='grc' dir='ltr'>«ι</span> <span class='ocrx_word' id='word_1_43' title='bbox 250 672 318 718; x_wconf 91' lang='lat' dir='ltr'>vis</span> <span class='ocrx_word' id='word_1_44' title='bbox 342 688 416 718; x_wconf 88' lang='lat' dir='ltr'>me</span> <span class='ocrx_word' id='word_1_45' title='bbox 436 670 729 733; x_wconf 75' lang='lat' dir='ltr'>decapitare?</span> <span class='ocrx_word' id='word_1_46' title='bbox 755 689 774 713; x_wconf 77' lang='lat'>1&gt;</span> <span class='ocrx_word' id='word_1_47' title='bbox 801 672 926 717; x_wconf 88' lang='lat' dir='ltr'>Tunc</span> <span class='ocrx_word' id='word_1_48' title='bbox 949 669 1200 723; x_wconf 88' lang='lat' dir='ltr'>bourcllus,</span> <span class='ocrx_word' id='word_1_49' title='bbox 1228 668 1396 732; x_wconf 83' lang='lat' dir='ltr'>pietate</span> <span class='ocrx_word' id='word_1_50' title='bbox 1417 675 1589 723; x_wconf 89' lang='lat' dir='ltr'>motus,</span> 
     </span>
     <span class='ocr_line' id='line_1_7' title="bbox 192 744 1592 806; baseline -0.003 -11"><span class='ocrx_word' id='word_1_51' title='bbox 192 748 304 795; x_wconf 87' lang='lat' dir='ltr'>abiit</span> <span class='ocrx_word' id='word_1_52' title='bbox 337 755 441 794; x_wconf 91' lang='lat' dir='ltr'>ante</span> <span class='ocrx_word' id='word_1_53' title='bbox 467 746 750 793; x_wconf 87' lang='lat' dir='ltr'>comitissam</span> <span class='ocrx_word' id='word_1_54' title='bbox 783 752 829 792; x_wconf 90' lang='lat' dir='ltr'>et</span> <span class='ocrx_word' id='word_1_55' title='bbox 863 762 968 793; x_wconf 93' lang='lat' dir='ltr'>cum</span> <span class='ocrx_word' id='word_1_56' title='bbox 1004 745 1205 792; x_wconf 77' lang='lat' dir='ltr'>lacrimis</span> <span class='ocrx_word' id='word_1_57' title='bbox 1238 745 1357 791; x_wconf 86' lang='lat' dir='ltr'>dixit</span> <span class='ocrx_word' id='word_1_58' title='bbox 1388 744 1429 792; x_wconf 91' lang='lat' dir='ltr'>ei</span> <span class='ocrx_word' id='word_1_59' title='bbox 1465 744 1592 806; x_wconf 90' lang='lat' dir='ltr'>quod</span> 
     </span>
     <span class='ocr_line' id='line_1_8' title="bbox 191 821 1313 889; baseline -0.003 -18"><span class='ocrx_word' id='word_1_60' title='bbox 191 841 278 888; x_wconf 92' lang='lat' dir='ltr'>pro</span> <span class='ocrx_word' id='word_1_61' title='bbox 303 831 402 871; x_wconf 88' lang='lat' dir='ltr'>toto</span> <span class='ocrx_word' id='word_1_62' title='bbox 429 839 542 870; x_wconf 89' lang='lat' dir='ltr'>auro</span> <span class='ocrx_word' id='word_1_63' title='bbox 569 822 730 869; x_wconf 90' lang='lat' dir='ltr'>mundi</span> <span class='ocrx_word' id='word_1_64' title='bbox 755 839 847 889; x_wconf 81' lang='lat' dir='ltr'>non</span> <span class='ocrx_word' id='word_1_65' title='bbox 872 822 1104 869; x_wconf 88' lang='lat' dir='ltr'>occideret</span> <span class='ocrx_word' id='word_1_66' title='bbox 1130 821 1313 869; x_wconf 90' lang='lat' dir='ltr'>ducem.</span> 
     </span>
    </p>
   </div>
   <div class='ocr_carea' id='block_1_3' title="bbox 184 902 1596 2576">
    <p class='ocr_par' dir='ltr' id='par_1_3' title="bbox 185 902 1596 2018">
     <span class='ocr_line' id='line_1_9' title="bbox 255 902 1595 970; baseline -0.002 -17"><span class='ocrx_word' id='word_1_67' title='bbox 255 910 359 970; x_wconf 90' lang='lat' dir='ltr'>Ipsa</span> <span class='ocrx_word' id='word_1_68' title='bbox 385 912 541 952; x_wconf 86' lang='lat' dir='ltr'>autem</span> <span class='ocrx_word' id='word_1_69' title='bbox 567 904 686 951; x_wconf 80' lang='lat' dir='ltr'>dixit</span> <span class='ocrx_word' id='word_1_70' title='bbox 719 904 759 951; x_wconf 93' lang='lat' dir='ltr'>ei</span> <span class='ocrx_word' id='word_1_71' title='bbox 792 904 919 967; x_wconf 92' lang='lat' dir='ltr'>quod</span> <span class='ocrx_word' id='word_1_72' title='bbox 949 904 1034 951; x_wconf 90' lang='lat' dir='ltr'>nisi</span> <span class='ocrx_word' id='word_1_73' title='bbox 1071 920 1177 951; x_wconf 92' lang='lat' dir='ltr'>eum</span> <span class='ocrx_word' id='word_1_74' title='bbox 1209 903 1441 951; x_wconf 88' lang='lat' dir='ltr'>occideret</span> <span class='ocrx_word' id='word_1_75' title='bbox 1470 902 1595 966; x_wconf 89' lang='lat' dir='ltr'>ipse-</span> 
     </span>
     <span class='ocr_line' id='line_1_10' title="bbox 190 979 1593 1043; baseline -0.002 -15"><span class='ocrx_word' id='word_1_76' title='bbox 190 989 285 1030; x_wconf 86' lang='lat' dir='ltr'>met</span> <span class='ocrx_word' id='word_1_77' title='bbox 320 981 640 1037; x_wconf 79' lang='lat' dir='ltr'>occideretur3</span> <span class='ocrx_word' id='word_1_78' title='bbox 675 980 754 1043; x_wconf 91' lang='lat' dir='ltr'>qui</span> <span class='ocrx_word' id='word_1_79' title='bbox 795 981 1062 1043; x_wconf 78' lang='lat' dir='ltr'>pavefactus</span> <span class='ocrx_word' id='word_1_80' title='bbox 1101 986 1146 1027; x_wconf 90' lang='lat' dir='ltr'>et</span> <span class='ocrx_word' id='word_1_81' title='bbox 1179 980 1364 1035; x_wconf 89' lang='lat' dir='ltr'>dolens,</span> <span class='ocrx_word' id='word_1_82' title='bbox 1401 979 1593 1026; x_wconf 85' lang='lat' dir='ltr'>veniens</span> 
     </span>
     <span class='ocr_line' id='line_1_11' title="bbox 189 1056 1590 1120; baseline -0.002 -15"><span class='ocrx_word' id='word_1_83' title='bbox 189 1074 347 1106; x_wconf 88' lang='lat' dir='ltr'>coram</span> <span class='ocrx_word' id='word_1_84' title='bbox 373 1058 506 1113; x_wconf 83' lang='lat' dir='ltr'>duce,</span> <span class='ocrx_word' id='word_1_85' title='bbox 532 1057 762 1120; x_wconf 79' lang='lat' dir='ltr'>percussit</span> <span class='ocrx_word' id='word_1_86' title='bbox 785 1073 891 1104; x_wconf 90' lang='lat' dir='ltr'>eum</span> <span class='ocrx_word' id='word_1_87' title='bbox 920 1056 977 1103; x_wconf 91' lang='lat' dir='ltr'>de</span> <span class='ocrx_word' id='word_1_88' title='bbox 1003 1057 1121 1104; x_wconf 90' lang='lat' dir='ltr'>ascia</span> <span class='ocrx_word' id='word_1_89' title='bbox 1153 1057 1197 1103; x_wconf 88' lang='lat' dir='ltr'>in</span> <span class='ocrx_word' id='word_1_90' title='bbox 1225 1057 1422 1120; x_wconf 88' lang='lat' dir='ltr'>spatula,</span> <span class='ocrx_word' id='word_1_91' title='bbox 1460 1062 1590 1103; x_wconf 90' lang='lat' dir='ltr'>tanto</span> 
     </span>
     <span class='ocr_line' id='line_1_12' title="bbox 189 1133 1593 1198; baseline -0.002 -16"><span class='ocrx_word' id='word_1_92' title='bbox 189 1152 364 1198; x_wconf 88' lang='lat' dir='ltr'>pavore</span> <span class='ocrx_word' id='word_1_93' title='bbox 397 1141 659 1197; x_wconf 86' lang='lat' dir='ltr'>correptus,</span> <span class='ocrx_word' id='word_1_94' title='bbox 689 1133 816 1196; x_wconf 91' lang='lat' dir='ltr'>quod</span> <span class='ocrx_word' id='word_1_95' title='bbox 853 1133 1087 1180; x_wconf 88' lang='lat' dir='ltr'>nesciebat</span> <span class='ocrx_word' id='word_1_96' title='bbox 1125 1149 1232 1180; x_wconf 90' lang='lat' dir='ltr'>eum</span> <span class='ocrx_word' id='word_1_97' title='bbox 1268 1139 1511 1196; x_wconf 89' lang='lat' dir='ltr'>percutere</span> <span class='ocrx_word' id='word_1_98' title='bbox 1549 1133 1593 1179; x_wconf 88' lang='lat' dir='ltr'>in</span> 
     </span>
     <span class='ocr_line' id='line_1_13' title="bbox 189 1210 1592 1273; baseline -0.001 -15"><span class='ocrx_word' id='word_1_99' title='bbox 189 1211 323 1258; x_wconf 91' lang='lat' dir='ltr'>collo.</span> <span class='ocrx_word' id='word_1_100' title='bbox 347 1215 471 1258; x_wconf 88' lang='lat' dir='ltr'>Tunc</span> <span class='ocrx_word' id='word_1_101' title='bbox 491 1210 586 1257; x_wconf 86' lang='lat' dir='ltr'>dux</span> <span class='ocrx_word' id='word_1_102' title='bbox 612 1210 795 1273; x_wconf 82' lang='lat' dir='ltr'>erigens</span> <span class='ocrx_word' id='word_1_103' title='bbox 819 1226 885 1265; x_wconf 86' lang='lat' dir='ltr'>se,</span> <span class='ocrx_word' id='word_1_104' title='bbox 910 1210 1095 1272; x_wconf 84' lang='lat' dir='ltr'>rogavit</span> <span class='ocrx_word' id='word_1_105' title='bbox 1119 1226 1225 1257; x_wconf 90' lang='lat' dir='ltr'>eum</span> <span class='ocrx_word' id='word_1_106' title='bbox 1247 1210 1464 1272; x_wconf 87' lang='lat' dir='ltr'>quatinus</span> <span class='ocrx_word' id='word_1_107' title='bbox 1485 1225 1592 1256; x_wconf 89' lang='lat' dir='ltr'>eum</span> 
     </span>
     <span class='ocr_line' id='line_1_14' title="bbox 189 1285 1591 1350; baseline -0.001 -17"><span class='ocrx_word' id='word_1_108' title='bbox 189 1287 456 1350; x_wconf 87' lang='lat' dir='ltr'>expediret;</span> <span class='ocrx_word' id='word_1_109' title='bbox 480 1286 648 1333; x_wconf 90' lang='lat' dir='ltr'>deinde</span> <span class='ocrx_word' id='word_1_110' title='bbox 670 1291 918 1348; x_wconf 89' lang='lat' dir='ltr'>postquam</span> <span class='ocrx_word' id='word_1_111' title='bbox 941 1285 1101 1332; x_wconf 89' lang='lat' dir='ltr'>novies</span> <span class='ocrx_word' id='word_1_112' title='bbox 1124 1286 1351 1348; x_wconf 83' lang='lat' dir='ltr'>percussit</span> <span class='ocrx_word' id='word_1_113' title='bbox 1370 1292 1420 1332; x_wconf 92' lang='lat' dir='ltr'>ut</span> <span class='ocrx_word' id='word_1_114' title='bbox 1444 1285 1591 1348; x_wconf 88' lang='lat' dir='ltr'>prius,</span> 
     </span>
     <span class='ocr_line' id='line_1_15' title="bbox 189 1362 1591 1425; baseline -0.002 -15"><span class='ocrx_word' id='word_1_115' title='bbox 189 1363 284 1410; x_wconf 85' lang='lat' dir='ltr'>dux</span> <span class='ocrx_word' id='word_1_116' title='bbox 318 1363 488 1410; x_wconf 91' lang='lat' dir='ltr'>iterum</span> <span class='ocrx_word' id='word_1_117' title='bbox 522 1362 638 1409; x_wconf 82' lang='lat' dir='ltr'>dixit</span> <span class='ocrx_word' id='word_1_118' title='bbox 666 1364 706 1408; x_wconf 86' lang='lat' dir='ltr'>ei</span> <span class='ocrx_word' id='word_1_119' title='bbox 748 1379 757 1408; x_wconf 89' lang='lat'>:</span> <span class='ocrx_word' id='word_1_120' title='bbox 796 1381 816 1406; x_wconf 81' lang='lat'>&lt;1</span> <span class='ocrx_word' id='word_1_121' title='bbox 854 1365 949 1409; x_wconf 89' lang='lat' dir='ltr'>Heu</span> <span class='ocrx_word' id='word_1_122' title='bbox 981 1362 1144 1417; x_wconf 79' lang='lat' dir='ltr'>amice,</span> <span class='ocrx_word' id='word_1_123' title='bbox 1183 1362 1292 1425; x_wconf 90' lang='lat' dir='ltr'>quid</span> <span class='ocrx_word' id='word_1_124' title='bbox 1329 1362 1460 1409; x_wconf 89' lang='lat' dir='ltr'>facis!</span> <span class='ocrx_word' id='word_1_125' title='bbox 1497 1365 1591 1409; x_wconf 92' lang='lat' dir='ltr'>Deo</span> 
     </span>
     <span class='ocr_line' id='line_1_16' title="bbox 193 1438 1594 1504; baseline 0 -20"><span class='ocrx_word' id='word_1_126' title='bbox 193 1459 212 1484; x_wconf 76' lang='grc' dir='ltr'>«ι</span> <span class='ocrx_word' id='word_1_127' title='bbox 243 1440 447 1504; x_wconf 84' lang='lat' dir='ltr'>gracias!</span> <span class='ocrx_word' id='word_1_128' title='bbox 485 1458 506 1483; x_wconf 70' lang='grc' dir='ltr'>ι)</span> <span class='ocrx_word' id='word_1_129' title='bbox 537 1442 663 1486; x_wconf 90' lang='lat' dir='ltr'>Tunc</span> <span class='ocrx_word' id='word_1_130' title='bbox 689 1438 747 1485; x_wconf 93' lang='lat' dir='ltr'>de</span> <span class='ocrx_word' id='word_1_131' title='bbox 774 1455 866 1485; x_wconf 91' lang='lat' dir='ltr'>uno</span> <span class='ocrx_word' id='word_1_132' title='bbox 887 1439 1054 1485; x_wconf 88' lang='lat' dir='ltr'>cutello</span> <span class='ocrx_word' id='word_1_133' title='bbox 1080 1446 1220 1502; x_wconf 82' lang='lat' dir='ltr'>gutur</span> <span class='ocrx_word' id='word_1_134' title='bbox 1245 1439 1342 1502; x_wconf 90' lang='lat' dir='ltr'>ejus</span> <span class='ocrx_word' id='word_1_135' title='bbox 1363 1439 1594 1486; x_wconf 86' lang='lat' dir='ltr'>abscisum</span> 
     </span>
     <span class='ocr_line' id='line_1_17' title="bbox 188 1515 1596 1579; baseline -0.001 -16"><span class='ocrx_word' id='word_1_136' title='bbox 188 1523 258 1564; x_wconf 90' lang='lat' dir='ltr'>est</span> <span class='ocrx_word' id='word_1_137' title='bbox 290 1522 337 1563; x_wconf 93' lang='lat' dir='ltr'>et</span> <span class='ocrx_word' id='word_1_138' title='bbox 371 1516 437 1563; x_wconf 89' lang='lat' dir='ltr'>sic</span> <span class='ocrx_word' id='word_1_139' title='bbox 468 1515 670 1562; x_wconf 91' lang='lat' dir='ltr'>animam</span> <span class='ocrx_word' id='word_1_140' title='bbox 702 1515 918 1562; x_wconf 85' lang='lat' dir='ltr'>exalavit.</span> <span class='ocrx_word' id='word_1_141' title='bbox 959 1515 1096 1578; x_wconf 89' lang='lat' dir='ltr'>Cujus</span> <span class='ocrx_word' id='word_1_142' title='bbox 1132 1521 1270 1578; x_wconf 84' lang='lat' dir='ltr'>caput</span> <span class='ocrx_word' id='word_1_143' title='bbox 1305 1515 1430 1579; x_wconf 82' lang='lat' dir='ltr'>affigi</span> <span class='ocrx_word' id='word_1_144' title='bbox 1458 1515 1596 1579; x_wconf 88' lang='lat' dir='ltr'>jussit</span> 
     </span>
     <span class='ocr_line' id='line_1_18' title="bbox 189 1588 1591 1652; baseline -0.002 -14"><span class='ocrx_word' id='word_1_145' title='bbox 189 1607 345 1638; x_wconf 86' lang='lat' dir='ltr'>comes</span> <span class='ocrx_word' id='word_1_146' title='bbox 370 1589 605 1638; x_wconf 89' lang='lat' dir='ltr'>Arondelli</span> <span class='ocrx_word' id='word_1_147' title='bbox 633 1589 676 1635; x_wconf 89' lang='lat' dir='ltr'>in</span> <span class='ocrx_word' id='word_1_148' title='bbox 707 1588 911 1652; x_wconf 92' lang='lat' dir='ltr'>quodam</span> <span class='ocrx_word' id='word_1_149' title='bbox 943 1588 1106 1636; x_wconf 90' lang='lat' dir='ltr'>baculo</span> <span class='ocrx_word' id='word_1_150' title='bbox 1138 1606 1191 1636; x_wconf 89' lang='lat' dir='ltr'>ac</span> <span class='ocrx_word' id='word_1_151' title='bbox 1217 1589 1404 1636; x_wconf 84' lang='lat' dir='ltr'>defferri</span> <span class='ocrx_word' id='word_1_152' title='bbox 1432 1605 1591 1635; x_wconf 89' lang='lat' dir='ltr'>secum</span> 
     </span>
     <span class='ocr_line' id='line_1_19' title="bbox 187 1666 1589 1723; baseline -0.001 -9"><span class='ocrx_word' id='word_1_153' title='bbox 187 1667 452 1723; x_wconf 88' lang='lat' dir='ltr'>Londoniis‚</span> <span class='ocrx_word' id='word_1_154' title='bbox 471 1682 650 1713; x_wconf 89' lang='lat' dir='ltr'>necnon</span> <span class='ocrx_word' id='word_1_155' title='bbox 666 1666 770 1712; x_wconf 91' lang='lat' dir='ltr'>duci</span> <span class='ocrx_word' id='word_1_156' title='bbox 784 1682 927 1712; x_wconf 89' lang='lat' dir='ltr'>unum</span> <span class='ocrx_word' id='word_1_157' title='bbox 943 1666 1134 1712; x_wconf 88' lang='lat' dir='ltr'>militem</span> <span class='ocrx_word' id='word_1_158' title='bbox 1147 1666 1255 1713; x_wconf 89' lang='lat' dir='ltr'>dicti</span> <span class='ocrx_word' id='word_1_159' title='bbox 1270 1666 1400 1712; x_wconf 89' lang='lat' dir='ltr'>ducis</span> <span class='ocrx_word' id='word_1_160' title='bbox 1418 1668 1589 1712; x_wconf 88' lang='lat' dir='ltr'>Exces-</span> 
     </span>
     <span class='ocr_line' id='line_1_20' title="bbox 188 1740 1588 1804; baseline -0.001 -16"><span class='ocrx_word' id='word_1_161' title='bbox 188 1742 292 1798; x_wconf 91' lang='lat' dir='ltr'>trie,</span> <span class='ocrx_word' id='word_1_162' title='bbox 315 1741 501 1789; x_wconf 91' lang='lat' dir='ltr'>nomine</span> <span class='ocrx_word' id='word_1_163' title='bbox 522 1741 851 1804; x_wconf 85' lang='lat' dir='ltr'>Stephanum¹‚</span> <span class='ocrx_word' id='word_1_164' title='bbox 881 1746 927 1787; x_wconf 87' lang='lat' dir='ltr'>et</span> <span class='ocrx_word' id='word_1_165' title='bbox 947 1740 1273 1788; x_wconf 79' lang='lat' dir='ltr'>buticularIum</span> <span class='ocrx_word' id='word_1_166' title='bbox 1295 1741 1393 1804; x_wconf 88' lang='lat' dir='ltr'>ejus</span> <span class='ocrx_word' id='word_1_167' title='bbox 1412 1757 1588 1788; x_wconf 91' lang='lat' dir='ltr'>nuncu-</span> 
     </span>
     <span class='ocr_line' id='line_1_21' title="bbox 188 1816 1591 1881; baseline 0 -17"><span class='ocrx_word' id='word_1_168' title='bbox 188 1824 348 1881; x_wconf 87' lang='lat' dir='ltr'>patum</span> <span class='ocrx_word' id='word_1_169' title='bbox 371 1821 612 1881; x_wconf 85' lang='lat' dir='ltr'>Hugonem</span> <span class='ocrx_word' id='word_1_170' title='bbox 633 1817 770 1871; x_wconf 86' lang='lat' dir='ltr'>Cade‚</span> <span class='ocrx_word' id='word_1_171' title='bbox 794 1832 847 1862; x_wconf 95' lang='lat' dir='ltr'>ac</span> <span class='ocrx_word' id='word_1_172' title='bbox 866 1816 965 1862; x_wconf 57' lang='lat' dir='ltr'>xixa</span> <span class='ocrx_word' id='word_1_173' title='bbox 982 1816 1056 1863; x_wconf 90' lang='lat' dir='ltr'>die</span> <span class='ocrx_word' id='word_1_174' title='bbox 1079 1816 1275 1880; x_wconf 89' lang='lat' dir='ltr'>januarii</span> <span class='ocrx_word' id='word_1_175' title='bbox 1298 1817 1591 1880; x_wconf 87' lang='lat' dir='ltr'>triumphali-</span> 
     </span>
     <span class='ocr_line' id='line_1_22' title="bbox 186 1893 1589 1957; baseline -0.001 -17"><span class='ocrx_word' id='word_1_176' title='bbox 186 1901 258 1941; x_wconf 89' lang='lat' dir='ltr'>ter</span> <span class='ocrx_word' id='word_1_177' title='bbox 282 1894 469 1941; x_wconf 85' lang='lat' dir='ltr'>intravit</span> <span class='ocrx_word' id='word_1_178' title='bbox 489 1893 774 1940; x_wconf 91' lang='lat' dir='ltr'>Londoniam</span> <span class='ocrx_word' id='word_1_179' title='bbox 800 1909 905 1940; x_wconf 91' lang='lat' dir='ltr'>cum</span> <span class='ocrx_word' id='word_1_180' title='bbox 933 1909 1103 1957; x_wconf 85' lang='lat' dir='ltr'>magno</span> <span class='ocrx_word' id='word_1_181' title='bbox 1124 1894 1279 1941; x_wconf 86' lang='lat' dir='ltr'>sonitu</span> <span class='ocrx_word' id='word_1_182' title='bbox 1299 1893 1589 1941; x_wconf 88' lang='lat' dir='ltr'>musicalium</span> 
     </span>
     <span class='ocr_line' id='line_1_23' title="bbox 185 1971 621 2018; baseline -0.002 0"><span class='ocrx_word' id='word_1_183' title='bbox 185 1971 621 2018; x_wconf 88' lang='lat' dir='ltr'>instrumentorum.</span> 
     </span>
    </p>

    <p class='ocr_par' dir='ltr' id='par_1_4' title="bbox 184 2051 1593 2576">
     <span class='ocr_line' id='line_1_24' title="bbox 250 2051 1587 2100; baseline 0 -1"><span class='ocrx_word' id='word_1_184' title='bbox 250 2052 422 2100; x_wconf 90' lang='lat' dir='ltr'>Eadem</span> <span class='ocrx_word' id='word_1_185' title='bbox 440 2052 586 2099; x_wconf 90' lang='lat' dir='ltr'>eciam</span> <span class='ocrx_word' id='word_1_186' title='bbox 603 2051 677 2098; x_wconf 92' lang='lat' dir='ltr'>die</span> <span class='ocrx_word' id='word_1_187' title='bbox 698 2051 793 2098; x_wconf 85' lang='lat' dir='ltr'>dux</span> <span class='ocrx_word' id='word_1_188' title='bbox 814 2051 1065 2099; x_wconf 87' lang='lat' dir='ltr'>Albemalle</span> <span class='ocrx_word' id='word_1_189' title='bbox 1085 2051 1274 2098; x_wconf 87' lang='lat' dir='ltr'>intravit</span> <span class='ocrx_word' id='word_1_190' title='bbox 1299 2052 1587 2099; x_wconf 87' lang='lat' dir='ltr'>Londoniam</span> 
     </span>
     <span class='ocr_line' id='line_1_25' title="bbox 186 2128 1593 2192; baseline 0 -16"><span class='ocrx_word' id='word_1_191' title='bbox 186 2145 293 2176; x_wconf 91' lang='lat' dir='ltr'>cum</span> <span class='ocrx_word' id='word_1_192' title='bbox 319 2129 467 2192; x_wconf 87' lang='lat' dir='ltr'>capite</span> <span class='ocrx_word' id='word_1_193' title='bbox 492 2128 668 2175; x_wconf 89' lang='lat' dir='ltr'>domini</span> <span class='ocrx_word' id='word_1_194' title='bbox 694 2128 1054 2191; x_wconf 86' lang='lat' dir='ltr'>Dispensatoris,</span> <span class='ocrx_word' id='word_1_195' title='bbox 1088 2128 1271 2176; x_wconf 88' lang='lat' dir='ltr'>comitis</span> <span class='ocrx_word' id='word_1_196' title='bbox 1303 2129 1593 2177; x_wconf 89' lang='lat' dir='ltr'>Claudioces-</span> 
     </span>
     <span class='ocr_line' id='line_1_26' title="bbox 184 2205 1591 2270; baseline 0.001 -18"><span class='ocrx_word' id='word_1_197' title='bbox 184 2206 371 2261; x_wconf 89' lang='lat' dir='ltr'>trensis‚</span> <span class='ocrx_word' id='word_1_198' title='bbox 402 2207 542 2252; x_wconf 87' lang='lat' dir='ltr'>affixo</span> <span class='ocrx_word' id='word_1_199' title='bbox 563 2206 606 2251; x_wconf 90' lang='lat' dir='ltr'>in</span> <span class='ocrx_word' id='word_1_200' title='bbox 629 2205 832 2268; x_wconf 87' lang='lat' dir='ltr'>quodam</span> <span class='ocrx_word' id='word_1_201' title='bbox 855 2205 1019 2252; x_wconf 87' lang='lat' dir='ltr'>baculo</span> <span class='ocrx_word' id='word_1_202' title='bbox 1046 2211 1092 2251; x_wconf 92' lang='lat' dir='ltr'>et</span> <span class='ocrx_word' id='word_1_203' title='bbox 1118 2205 1178 2270; x_wconf 90' lang='lat' dir='ltr'>xij</span> <span class='ocrx_word' id='word_1_204' title='bbox 1203 2205 1493 2268; x_wconf 88' lang='lat' dir='ltr'>prisionariis</span> <span class='ocrx_word' id='word_1_205' title='bbox 1513 2205 1591 2268; x_wconf 93' lang='lat' dir='ltr'>qui</span> 
     </span>
     <span class='ocr_line' id='line_1_27' title="bbox 185 2281 1593 2345; baseline 0.001 -17"><span class='ocrx_word' id='word_1_206' title='bbox 185 2282 524 2345; x_wconf 88' lang='lat' dir='ltr'>triumphaliter</span> <span class='ocrx_word' id='word_1_207' title='bbox 550 2298 705 2329; x_wconf 86' lang='lat' dir='ltr'>secum</span> <span class='ocrx_word' id='word_1_208' title='bbox 736 2281 1086 2329; x_wconf 89' lang='lat' dir='ltr'>adducebantur</span> <span class='ocrx_word' id='word_1_209' title='bbox 1118 2282 1162 2328; x_wconf 90' lang='lat' dir='ltr'>in</span> <span class='ocrx_word' id='word_1_210' title='bbox 1191 2281 1371 2329; x_wconf 91' lang='lat' dir='ltr'>duabus</span> <span class='ocrx_word' id='word_1_211' title='bbox 1402 2283 1593 2345; x_wconf 90' lang='lat' dir='ltr'>quadri-</span> 
     </span>
     <span class='ocr_line' id='line_1_28' title="bbox 185 2358 1590 2423; baseline 0.001 -18"><span class='ocrx_word' id='word_1_212' title='bbox 185 2358 281 2423; x_wconf 82' lang='lat' dir='ltr'>gis;</span> <span class='ocrx_word' id='word_1_213' title='bbox 313 2358 444 2422; x_wconf 89' lang='lat' dir='ltr'>jussu</span> <span class='ocrx_word' id='word_1_214' title='bbox 484 2375 670 2421; x_wconf 83' lang='lat' dir='ltr'>quoque</span> <span class='ocrx_word' id='word_1_215' title='bbox 712 2359 835 2422; x_wconf 83' lang='lat' dir='ltr'>regis</span> <span class='ocrx_word' id='word_1_216' title='bbox 874 2359 1024 2421; x_wconf 88' lang='lat' dir='ltr'>capita</span> <span class='ocrx_word' id='word_1_217' title='bbox 1063 2359 1329 2422; x_wconf 85' lang='lat' dir='ltr'>supradicta</span> <span class='ocrx_word' id='word_1_218' title='bbox 1366 2376 1590 2423; x_wconf 89' lang='lat' dir='ltr'>suspensa</span> 
     </span>
     <span class='ocr_line' id='line_1_29' title="bbox 185 2435 1592 2500; baseline 0.001 -17"><span class='ocrx_word' id='word_1_219' title='bbox 185 2442 292 2483; x_wconf 86' lang='lat' dir='ltr'>sunt</span> <span class='ocrx_word' id='word_1_220' title='bbox 317 2436 361 2482; x_wconf 91' lang='lat' dir='ltr'>in</span> <span class='ocrx_word' id='word_1_221' title='bbox 384 2442 518 2499; x_wconf 90' lang='lat' dir='ltr'>porta</span> <span class='ocrx_word' id='word_1_222' title='bbox 541 2435 695 2498; x_wconf 84' lang='lat' dir='ltr'>pontis</span> <span class='ocrx_word' id='word_1_223' title='bbox 714 2436 969 2493; x_wconf 90' lang='lat' dir='ltr'>Londonie,</span> <span class='ocrx_word' id='word_1_224' title='bbox 991 2436 1162 2499; x_wconf 89' lang='lat' dir='ltr'>captivi</span> <span class='ocrx_word' id='word_1_225' title='bbox 1183 2452 1296 2483; x_wconf 88' lang='lat' dir='ltr'>vero</span> <span class='ocrx_word' id='word_1_226' title='bbox 1320 2436 1457 2500; x_wconf 87' lang='lat' dir='ltr'>positi</span> <span class='ocrx_word' id='word_1_227' title='bbox 1485 2443 1592 2484; x_wconf 90' lang='lat' dir='ltr'>sunt</span> 
     </span>
     <span class='ocr_line' id='line_1_30' title="bbox 184 2512 1589 2576; baseline 0.001 -17"><span class='ocrx_word' id='word_1_228' title='bbox 184 2513 231 2559; x_wconf 91' lang='lat' dir='ltr'>in</span> <span class='ocrx_word' id='word_1_229' title='bbox 262 2513 448 2560; x_wconf 88' lang='lat' dir='ltr'>castello</span> <span class='ocrx_word' id='word_1_230' title='bbox 483 2512 689 2576; x_wconf 89' lang='lat' dir='ltr'>ejusdem</span> <span class='ocrx_word' id='word_1_231' title='bbox 725 2512 923 2560; x_wconf 86' lang='lat' dir='ltr'>civitatis</span> <span class='ocrx_word' id='word_1_232' title='bbox 954 2513 1307 2561; x_wconf 88' lang='lat' dir='ltr'>Londoniensis.</span> <span class='ocrx_word' id='word_1_233' title='bbox 1337 2513 1589 2562; x_wconf 88' lang='lat' dir='ltr'>Waldanus</span> 
     </span>
    </p>
   </div>
   <div class='ocr_carea' id='block_1_4' title="bbox 187 2689 1589 2796">
    <p class='ocr_par' dir='ltr' id='par_1_5' title="bbox 187 2689 1589 2796">
     <span class='ocr_line' id='line_1_31' title="bbox 234 2689 1589 2734; baseline 0.001 -10"><span class='ocrx_word' id='word_1_234' title='bbox 234 2690 265 2725; x_wconf 84' lang='lat'>1.</span> <span class='ocrx_word' id='word_1_235' title='bbox 291 2689 455 2726; x_wconf 84' lang='lat' dir='ltr'>Suivant</span> <span class='ocrx_word' id='word_1_236' title='bbox 475 2689 512 2725; x_wconf 89' lang='lat' dir='ltr'>la</span> <span class='ocrx_word' id='word_1_237' title='bbox 534 2690 760 2734; x_wconf 76' lang='lat' dir='ltr'>Chronicque</span> <span class='ocrx_word' id='word_1_238' title='bbox 787 2690 828 2725; x_wconf 84' lang='lat' dir='ltr'>de</span> <span class='ocrx_word' id='word_1_239' title='bbox 856 2692 891 2725; x_wconf 89' lang='lat' dir='ltr'>la</span> <span class='ocrx_word' id='word_1_240' title='bbox 920 2694 1061 2726; x_wconf 72' lang='lat' dir='ltr'>traison</span> <span class='ocrx_word' id='word_1_241' title='bbox 1082 2694 1113 2726; x_wconf 85' lang='lat' dir='ltr'>et</span> <span class='ocrx_word' id='word_1_242' title='bbox 1140 2694 1235 2726; x_wconf 78' lang='lat' dir='ltr'>mort</span> <span class='ocrx_word' id='word_1_243' title='bbox 1257 2691 1298 2725; x_wconf 78' lang='lat' dir='ltr'>de</span> <span class='ocrx_word' id='word_1_244' title='bbox 1319 2691 1468 2726; x_wconf 68' lang='lat' dir='ltr'>[ticharc</span> <span class='ocrx_word' id='word_1_245' title='bbox 1495 2692 1589 2726; x_wconf 61' lang='lat' dir='ltr'>deux</span> 
     </span>
     <span class='ocr_line' id='line_1_32' title="bbox 187 2748 975 2796; baseline 0 -11"><span class='ocrx_word' id='word_1_246' title='bbox 187 2754 235 2796; x_wconf 80' lang='lat' dir='ltr'>(p.</span> <span class='ocrx_word' id='word_1_247' title='bbox 257 2748 330 2795; x_wconf 83' lang='lat'><strong>96),</strong></span> <span class='ocrx_word' id='word_1_248' title='bbox 351 2749 377 2785; x_wconf 90' lang='lat' dir='ltr'>il</span> <span class='ocrx_word' id='word_1_249' title='bbox 399 2748 596 2796; x_wconf 84' lang='lat' dir='ltr'>s&#39;appelait</span> <span class='ocrx_word' id='word_1_250' title='bbox 615 2748 785 2785; x_wconf 87' lang='lat' dir='ltr'>Thomas</span> <span class='ocrx_word' id='word_1_251' title='bbox 805 2749 975 2796; x_wconf 84' lang='lat' dir='ltr'>Shelley.</span> 
     </span>
    </p>
   </div>
  </div>
 </body>
</html>
