1941 3294
355 346 421 381 148
625 347 993 380 CHRONOGRAPHIA
1018 345 1171 377 REGUM
1195 345 1474 377 FRANCORUM.
1645 339 1748 387 [1397

354 425 544 472 Francie
563 422 972 477 conestabulariUS‚
1004 421 1220 468 dominus
1246 419 1500 474 Couciaci1‚
1526 419 1752 467 Henricus

354 501 412 547 de
448 501 637 556 Bar-1202,
682 500 761 562 qui
794 499 937 545 filiam
975 503 1021 543 et
1065 497 1287 545 heredem
1326 497 1534 560 ejusdem
1577 495 1752 542 domini

354 576 593 624 Couchiaci
626 575 824 622 habebat
860 589 1057 620 uxorem
1089 579 1134 619 et
1163 573 1311 621 Guido
1348 573 1406 619 de
1439 572 1479 618 la
1508 571 1753 618 Trimoulla

355 652 586 709 dominus,
618 651 697 714 qui
723 666 884 697 omnes
904 649 1001 712 jam
1027 649 1261 696 solverant
1294 647 1512 711 pecunias
1541 663 1629 710 pro
1660 645 1754 694 suis

353 727 771 791 redemptionibus.
799 728 913 773 Cum
938 725 1107 771 comite
1133 725 1403 772 Nivernensi
1430 723 1754 771 tantummodo

351 805 530 851 reversi
560 809 666 850 sunt
706 801 816 858 vivi,
861 800 1051 847 infinitis
1090 801 1391 863 pecuniarum
1441 799 1635 847 summis
1680 816 1755 846 re—

353 880 546 943 dempti,
585 895 742 926 comes
777 878 835 926 de
874 877 1099 925 Marchia3
1142 882 1190 924 et
1223 877 1573 934 Bouchicaldus,
1613 879 1755 923 Fran-

353 957 421 1003 cie
448 955 765 1003 marescallus.
1696 944 1699 947 ¹

416 1036 561 1080 Porro
610 1031 817 1080 relictam
873 1029 983 1077 dicti
1029 1030 1212 1078 comitis
1255 1030 1476 1078 Aucensis
1525 1028 1750 1086 defuncti,

352 1108 494 1155 filiam
520 1107 736 1154 videlicet
762 1105 893 1152 ducis
922 1105 1220 1153 Bituricensis
1246 1106 1475 1152 minorem
1505 1121 1645 1168 quam
1671 1104 1756 1152 du-

353 1184 466 1231 dum
500 1184 621 1230 filius
654 1189 700 1230 et
732 1183 867 1229 heres
899 1182 1082 1229 comitis
1107 1182 1337 1228 Blesensis
1371 1181 1752 1244 desponsaverat,

352 1261 601 1313 Johannes,
631 1259 971 1322 primogenitus
1008 1258 1138 1305 ducis
1161 1258 1492 1305 Borboniensis
1518 1257 1597 1320 qui
1632 1257 1756 1304 dono

353 1336 500 1399 patris
541 1336 811 1383 comitatum
855 1335 1284 1381 Claromontensem
1326 1333 1503 1388 habuit,
1545 1338 1757 1394 postmo-

352 1412 466 1459 dum
490 1412 790 1475 desponsavit
819 1418 865 1457 et
895 1411 1129 1457 comitissa
1160 1409 1453 1457 Clarimontis
1479 1414 1641 1455 vocata
1664 1413 1753 1455 est.

418 1489 590 1536 Relicta
618 1503 816 1549 namque
841 1486 1024 1532 Henrici
1045 1486 1102 1532 de
1122 1488 1266 1532 Barro
1293 1483 1661 1547 supranominati
1688 1483 1758 1530 in-

353 1571 496 1627 nupta
529 1563 810 1626 permansit3
848 1561 929 1609 sed
969 1569 1141 1609 terram
1177 1577 1309 1608 suam
1346 1560 1604 1616 Couchiaci,
1637 1559 1756 1606 filios

354 1658 480 1696 suos,
506 1656 624 1702 quos
650 1639 708 1686 de
735 1638 918 1701 prefato
944 1638 1134 1685 domino
1161 1643 1207 1684 et
1228 1637 1397 1684 marito
1421 1653 1505 1684 suo
1532 1635 1754 1699 suscepit,

354 1715 741 1770 exhereditando,
775 1714 878 1761 duci
910 1713 1252 1769 Aurelianensi,
1291 1713 1422 1759 fratri
1449 1713 1595 1776 regis,
1627 1712 1760 1758 here-

355 1793 555 1840 ditalitcr
569 1790 821 1838 vendidit4.
842 1790 1016 1837 Deinde
1034 1806 1170 1837 soror
1183 1790 1282 1853 ejus
1297 1789 1354 1836 de
1372 1795 1506 1853 patre
1523 1789 1594 1836 cui
1615 1788 1759 1835 comi-

354 1876 504 1917 tatum
523 1868 902 1916 Suessionensem
927 1867 1051 1914 idem
1074 1873 1208 1930 pater
1231 1866 1426 1913 dederat
1445 1865 1760 1912 hereditaliter

355 1945 707 2010 possidendum,
737 1950 885 1991 matre
912 1944 1010 2007 ejus
1036 1944 1194 1990 relicta
1211 1943 1423 1989 videlicet
1449 1942 1560 1989 dicti
1580 1941 1758 1988 domini

355 2021 612 2079 Couchiaci,
638 2020 768 2068 ducis
793 2020 1087 2083 Lotharingie
1105 2035 1343 2082 germana,
1366 2017 1690 2064 consenciente
1713 2023 1759 2063 et

355 2097 533 2161 prefata
565 2112 728 2144 sorore
760 2095 858 2159 ejus
885 2095 1060 2159 majore
1090 2094 1327 2150 laudante,
1363 2093 1539 2141 dictum
1564 2092 1758 2140 comita-

403 2250 435 2284 1.
458 2248 510 2284 Le
529 2247 604 2283 sire
624 2247 669 2283 de
691 2247 821 2293 Coucy
842 2251 997 2283 mourut
1018 2257 1066 2281 au
1087 2245 1184 2281 mois
1205 2245 1250 2281 de
1272 2244 1410 2280 sevrier
1431 2243 1520 2280 1397
1544 2245 1596 2289 (n.
1620 2244 1698 2290 st.).

401 2307 435 2343 2.
460 2307 582 2342 Henri
603 2306 649 2342 (le
670 2306 749 2340 Bar
769 2310 924 2341 mourut
945 2304 966 2340 a
993 2304 1149 2340 Venise.

404 2366 437 2401 3.
460 2365 513 2400 Le
534 2365 655 2400 baron
682 2363 840 2410 Kervyn
861 2364 906 2399 de
929 2363 1165 2399 Lettenhove
1195 2362 1410 2406 (Froissart,
1432 2366 1460 2396 t.
1485 2360 1596 2404 XVI,
1617 2371 1653 2406 p.
1675 2359 1755 2403 261)

357 2435 379 2459 a
403 2423 531 2470 public
557 2423 668 2459 l’aete
695 2434 761 2469 par
788 2422 912 2469 lequel
939 2423 972 2458 lc
998 2427 1122 2458 comte
1150 2421 1194 2456 de
1225 2421 1387 2465 Nevers,
1411 2420 1534 2455 Henri
1555 2419 1599 2455 de
1622 2419 1701 2454 Bar
1722 2424 1758 2454 et

355 2482 523 2528 Jacques
548 2481 592 2517 de
616 2481 810 2527 Bourbon,
840 2486 966 2517 comte
993 2480 1037 2515 de
1066 2481 1102 2515 la
1129 2480 1301 2525 Marche,
1324 2479 1591 2525 s'engagerent
1612 2477 1634 2512 ἐι
1656 2487 1757 2512 rem-

358 2541 518 2576 bourser
538 2541 592 2576 les
613 2551 781 2576 sommes
801 2540 865 2586 qui
890 2540 973 2576 leur
993 2540 1149 2575 avaient
1176 2539 1235 2574 cte
1261 2539 1411 2585 pretees
1434 2536 1599 2582 (HQOOO
1625 2535 1759 2572 florius

358 2599 448 2644 d'or)
471 2610 566 2645 pour
592 2599 625 2635 le
647 2599 841 2645 paiement
862 2598 906 2634 de
929 2599 1011 2634 leur
1033 2609 1176 2645 rancon
1191 2611 1201 2632 t
1219 2598 1265 2632 ils
1281 2596 1460 2633 devaient
1481 2606 1520 2630 se
1541 2594 1757 2630 constituer

360 2666 491 2707 otages
511 2659 533 2694 εὶ
553 2659 713 2704 Venise,
732 2658 909 2705 jusqu’au
932 2658 1068 2704 parfait
1088 2658 1282 2704 paiement
1304 2657 1325 2693 ἐι
1344 2657 1448 2693 leurs
1470 2654 1700 2692 creanciers.

407 2719 438 2753 4.
466 2720 507 2754 115
538 2717 744 2753 novembre
779 2717 868 2753 1400
902 2716 958 2762 (E.
987 2716 1116 2763 Jarry,
1149 2719 1185 2752 la
1220 2717 1273 2752 Vie
1302 2718 1480 2761 potitique
1511 2715 1552 2748 de
1584 2715 1688 2748 Louis
1719 2713 1760 2748 de

364 2777 510 2819 Franco,
534 2778 603 2812 duc
622 2776 826 2820 d'Orleans,
849 2786 883 2822 p.
909 2775 1003 2820 240).
