1941 3294
181 283 285 330 1385]
445 285 815 319 GHRONOGRAPHIA
840 285 993 317 REGUM
1018 283 1297 316 FRANGORUM.
1537 280 1581 315 75

244 366 294 410 In
315 379 474 411 mense
495 362 601 409 maii
619 361 724 408 anni
745 361 791 409 Μ1
808 361 907 411 CCCi
924 361 1198 425 octogesimi
1216 361 1366 423 quinti
1386 377 1584 424 congre-

179 438 272 503 gati
313 443 422 485 sunt
461 437 593 485 multi
636 437 848 484 homines
892 452 1134 484 armorum
1175 452 1234 483 ex
1276 440 1410 499 parte
1456 436 1583 500 regis

178 515 368 563 Francie
388 515 466 578 qui
492 514 621 562 missi
642 520 750 562 sunt
770 514 814 561 in
836 514 1043 562 Scociam
1061 513 1121 560 ad
1143 512 1402 577 juvandum
1421 529 1583 577 regem

179 591 335 640 Scocie
354 597 515 639 contra
535 607 697 654 regem
716 591 896 655 Anglie,
921 606 1122 653 quorum
1143 589 1296 637 extitit
1315 590 1583 653 capitaneus

179 685 267 732 pro
287 685 398 732 rege
420 667 626 724 Francie,
649 666 867 715 dominus
893 667 1125 716 Johannes
1143 666 1201 714 de
1218 666 1413 723 Vienna,
1436 666 1584 714 admi-

178 744 337 792 raldus
361 744 597 791 Francie1.

243 820 448 883 Septima
474 818 653 866 decima
674 818 750 866 die
776 820 951 866 mensis
968 819 1085 880 jullii
1104 818 1317 883 ejusdem
1342 818 1468 875 anni,
1498 835 1584 866 rex

177 896 367 944 Francie
404 896 531 959 apud
567 895 807 944 Ambianis
842 896 889 943 in
928 896 1121 943 ecclesia
1158 895 1411 943 cathedrali
1448 895 1584 943 beate

176 973 316 1021 Marie
336 972 640 1036 desponsavit
664 973 805 1020 filiam
831 972 1069 1036 Stephani,
1100 972 1232 1019 ducis
1258 972 1496 1027 Bavarie2,
1527 972 1586 1019 de

177 1049 272 1097 filia
308 1049 539 1106 Barnabo,
577 1049 778 1097 condam
812 1049 989 1097 domini
1027 1049 1086 1097 de
1126 1049 1403 1107 Mediolano,
1443 1065 1586 1111 quam

177 1125 354 1174 ibidem
396 1126 656 1174 aduxerant
699 1143 806 1173 cum
846 1126 1051 1173 maximo
1097 1125 1321 1173 comitatu
1359 1130 1406 1172 et
1442 1125 1586 1172 nobili

178 1208 406 1266 apparatu
446 1202 543 1250 dux
582 1203 803 1250 Albertus
835 1203 1029 1250 Bavarie
1067 1219 1320 1265 comesque
1358 1202 1583 1259 Hanonie,

176 1279 401 1327 Holandie
410 1279 695 1335 etZelandie,
712 1279 914 1335 ducissa,
931 1295 1052 1326 uxor
1063 1279 1180 1343 ejus,
1196 1285 1243 1326 et
1256 1285 1452 1342 patruus
1464 1279 1587 1326 dicte

176 1355 337 1419 regine
352 1371 410 1402 ex
425 1360 559 1417 parte
576 1354 740 1418 patris,
759 1355 933 1402 scilicet
949 1354 1242 1411 Fredericus,
1262 1355 1360 1402 dux
1373 1354 1584 1410 Bavarie,

178 1431 289 1479 dicti
321 1430 452 1478 ducis
483 1430 662 1478 Alberti
700 1437 926 1495 cognatus
958 1447 1062 1478 cum
1095 1431 1279 1479 ducissa
1314 1430 1584 1478 Brabancie.

178 1507 353 1556 Deinde
369 1513 479 1571 post
493 1507 612 1555 duos
630 1507 730 1555 dies
747 1507 857 1555 inde
873 1525 959 1555 rex
976 1508 1170 1555 recessit
1183 1524 1290 1554 cum
1306 1507 1424 1571 xiiij„
1441 1507 1591 1554 homi-

179 1600 293 1631 num
317 1600 557 1631 armorum
577 1590 629 1631 ut
654 1584 743 1632 iret
767 1584 814 1631 in
839 1584 1129 1631 Flandriam3
1156 1590 1203 1631 et
1232 1589 1283 1631 ut
1303 1584 1412 1631 inde
1439 1584 1592 1631 Olive-

179 1677 262 1708 rus
291 1660 349 1707 de
380 1661 600 1720 Cliconio‚
630 1660 1029 1708 conestabularius
1060 1661 1268 1717 Francie,
1295 1661 1517 1707 transiret
1543 1659 1589 1706 in

180 1736 421 1801 Angliam4
450 1742 498 1784 et
532 1737 679 1784 eciam
713 1737 773 1784 ad
809 1737 1088 1801 capiendum
1125 1743 1333 1784 castrum
1367 1737 1431 1784 du
1470 1740 1587 1793 Dan,

227 1896 262 1932 1.
283 1895 384 1932 Jean
413 1895 460 1931 de
488 1895 643 1932 Vienne
672 1895 857 1942 comptait
887 1896 994 1941 1‚3215
1024 1895 1202 1932 hommes
1234 1895 1402 1931 d'armes
1432 1902 1471 1932 et
1498 1896 1593 1932 trois

181 1959 291 1991 cents
312 1954 559 1990 arbaletriers
581 1965 671 1990 sous
692 1965 753 1990 ses
774 1955 904 1991 ordres
921 1955 1106 2002 (Marquis
1119 1954 1270 1991 Terrier
1284 1953 1330 1990 de
1344 1954 1487 2002 Loray,
1503 1957 1594 1991 Jean

179 2015 222 2050 de
247 2015 390 2056 Vtenne,
413 2016 553 2050 amiral
569 2016 611 2049 de
627 2016 775 2056 France,
795 2025 830 2061 p.
850 2014 944 2058 186).
961 2015 1018 2050 La
1032 2014 1153 2060 ssotte,
1169 2015 1281 2061 apres
1298 2014 1426 2050 divers
1444 2021 1591 2052 contre-

179 2077 319 2118 temps,
340 2071 411 2107 mit
432 2071 453 2107 a
474 2072 510 2108 la
535 2072 630 2109 voile
652 2083 739 2108 vers
760 2073 794 2109 le
824 2073 869 2108 20
901 2072 979 2108 mai
1003 2073 1123 2117 Mhid„
1147 2084 1184 2119 p.
1209 2073 1290 2109 189.
1313 2072 1368 2109 Cf.
1391 2064 1508 2109 E'tude
1527 2084 1594 2109 sur

182 2133 218 2166 la
238 2133 293 2166 vie
312 2132 354 2166 de
373 2132 464 2167 Jean
485 2132 526 2167 Le
553 2131 718 2171 Mercier‚
741 2142 777 2178 p.
803 2131 865 2167 101
899 2131 921 2167 a
949 2131 1029 2177 103,
1053 2137 1092 2168 et
1117 2131 1326 2179 Froissart,
1347 2131 1406 2168 ed.
1430 2133 1594 2180 Kervyn

181 2188 227 2224 de
247 2189 503 2235 Lettenhove,
524 2195 551 2225 t.
575 2189 629 2235 X,
650 2201 688 2236 p.
713 2189 794 2233 317,
816 2189 900 2235 333,
922 2189 1019 2230 376).

227 2247 264 2284 2.
287 2246 446 2283 Charles
469 2247 523 2283 VI
543 2248 666 2295 quitta
686 2248 796 2284 Paris
818 2248 852 2284 le
876 2248 918 2284 10
936 2248 1076 2296 juillet.
1099 2249 1152 2286 Le
1173 2249 1345 2297 mariage
1365 2249 1423 2286 fut
1443 2249 1593 2286 celebre

181 2306 203 2342 a
222 2306 387 2342 Amiens
408 2306 442 2342 le
464 2307 506 2342 17
519 2306 646 2353 juillet
667 2307 757 2344 1385
781 2307 1002 2355 (Froissart,
1019 2307 1078 2344 ed.
1095 2308 1258 2356 Kervyn
1272 2308 1318 2345 de
1336 2309 1593 2355 Lettenhove,

180 2371 208 2401 t.
237 2365 289 2411 X,
311 2376 347 2412 p.
373 2364 468 2410 356).

227 2424 260 2460 3.
285 2425 338 2460 Le
359 2423 564 2471 Religieux
585 2424 630 2461 de
651 2425 923 2473 Saint—Denys
946 2427 985 2471 (t.
1011 2425 1043 2470 Ι,
1065 2437 1100 2474 p.
1119 2426 1200 2473 360)
1217 2426 1273 2463 dit
1288 2438 1361 2474 que
1382 2427 1417 2463 le
1438 2427 1495 2463 roi
1508 2437 1592 2473 par-

180 2483 226 2520 tit
246 2482 448 2519 d'Amiens
469 2483 563 2519 trois
581 2483 690 2530 jours
710 2486 821 2530 apres
842 2485 876 2521 le
897 2485 1092 2532 mariage,
1116 2496 1159 2522 ce
1181 2485 1246 2533 qui
1266 2492 1325 2522 est
1345 2485 1443 2531 vrai,
1458 2496 1524 2522 car
1538 2485 1592 2522 les

178 2543 395 2577 Itineraires
416 2543 458 2576 cle
480 2543 644 2587 Philippa
667 2545 696 2578 le
719 2544 835 2579 Har-di
849 2547 881 2578 et
895 2545 937 2578 de
956 2545 1050 2579 1Ιεαη
1071 2543 1289 2585 Sans-Pam:
1308 2546 1397 2580 duos
1417 2545 1459 2580 de
1478 2545 1592 2579 Bour-

179 2611 293 2646 9oqne
313 2601 361 2647 (p.
387 2601 480 2646 180),
502 2600 547 2635 de
568 2600 619 2636 M.
642 2601 686 2636 E.
710 2601 826 2645 Petit,
848 2602 1126 2639 mentionnent
1153 2614 1223 2639 son
1250 2603 1384 2650 depart
1404 2602 1426 2639 a
1446 2602 1484 2639 la.
1503 2602 1591 2639 date

182 2658 233 2694 du
253 2659 294 2695 21
314 2659 455 2706 juillet.
478 2658 533 2695 cf.
557 2660 613 2695 les
633 2660 779 2705 Sejours
799 2662 841 2696 de
861 2662 1012 2698 Char-les
1037 2663 1088 2705 VI,
1112 2673 1149 2709 p.
1172 2662 1230 2699 26.

230 2718 264 2754 4.
287 2718 342 2754 Cf.
365 2710 480 2754 Ecude
498 2729 565 2754 sur
586 2721 621 2754 ια
640 2721 695 2755 vie
714 2721 755 2756 de
773 2722 865 2756 Jean
886 2723 927 2757 Le
947 2723 1113 2766 Μενοίεν,
1137 2732 1170 2767 p.
1196 2721 1264 2757 103
1286 2726 1324 2757 et
1349 2721 1429 2757 105.
