1941 3294
359 350 421 386 156
626 352 992 384 GHRONOGRAPHIA
1017 351 1170 383 REGUM
1194 351 1471 383 FRANCORUM.
1643 348 1746 393 [1398

353 429 561 477 cionibus
607 428 888 484 observatis,
932 426 1236 474 reddiderunt
1280 433 1482 482 turrem,
1529 426 1748 488 quoniam

350 506 464 569 ipsis
487 504 763 552 testantibus
788 505 833 550 in
860 502 1069 567 ejusdem
1091 503 1232 550 turris
1257 503 1487 566 captione,
1514 505 1635 564 Papa
1662 503 1749 550 illis

349 598 622 630 succurrere
642 581 857 644 promisit
876 579 996 626 infra
1018 578 1134 625 xv⁰im
1157 580 1254 627 dies
1280 598 1288 626 :
1321 579 1448 642 quod
1473 585 1626 626 tamen
1654 596 1745 626 non

350 659 473 706 fecit.

411 734 617 796 Denique
647 733 856 780 homines
884 734 1004 793 Pape
1036 730 1122 777 nisi
1159 737 1264 777 sunt
1295 747 1461 793 capere
1490 729 1746 793 campanile

349 810 624 857 cathedralis
652 808 842 856 ecclesie
873 810 1038 854 Nostre
1063 807 1257 854 Domine
1284 807 1341 854 de
1368 807 1509 854 Donis
1538 823 1622 869 per
1649 812 1747 853 tur-

347 902 446 932 rem
467 886 604 932 altam
623 901 712 946 que
732 889 802 930 est
822 884 865 929 in
885 899 1029 929 cornu
1047 882 1209 945 palacii
1227 899 1392 930 versus
1409 882 1579 929 dictam
1601 882 1747 928 eccle-

347 962 486 1017 siam3
525 977 724 1023 cumque
756 960 851 1023 jam
884 958 1015 1021 quasi
1047 958 1209 1006 decem
1243 959 1452 1005 homines
1490 958 1747 1005 intrassent

346 1053 449 1084 cum
477 1036 617 1083 armis
644 1042 687 1083 et
714 1035 1056 1099 garnisionibus
1082 1034 1140 1081 de
1172 1035 1366 1097 palacio,
1394 1035 1458 1081 illi
1487 1034 1544 1081 de
1570 1034 1676 1081 villa
1701 1034 1743 1080 vi

344 1129 580 1160 armorum
607 1111 880 1175 campanile,
907 1111 1113 1174 expulsis
1137 1110 1214 1173 qui
1240 1117 1370 1157 erant
1390 1110 1525 1166 infra,
1554 1110 1746 1172 conqui-

343 1191 534 1237 sierunt.
559 1192 627 1236 Ex
647 1189 734 1236 hoc
754 1191 877 1251 Papa
898 1194 941 1235 et
969 1188 1047 1250 qui
1071 1194 1204 1234 erant
1229 1187 1274 1233 in
1300 1186 1476 1249 palacio
1498 1186 1739 1250 indignati,

343 1272 477 1313 nocte
510 1265 720 1328 sequenti
751 1265 797 1311 in
824 1265 967 1311 multa
1000 1264 1096 1310 loca
1133 1263 1331 1310 civitatis
1365 1262 1521 1326 ignem
1553 1278 1742 1326 grecum

343 1341 665 1396 immiserunt3
695 1340 791 1402 qui,
821 1340 928 1402 quia
954 1339 1012 1386 ab
1039 1339 1229 1401 antiquo
1255 1337 1521 1385 reconditus
1547 1337 1593 1384 in
1619 1337 1745 1400 pala-

342 1418 412 1464 cio
439 1417 605 1473 fuerat,
637 1417 797 1480 vigore
824 1415 1078 1478 plurimum
1108 1414 1362 1461 diminutus
1394 1429 1553 1461 rarum
1585 1430 1744 1460 causa-

344 1494 423 1541 bat
457 1493 739 1549 incendium,
773 1493 835 1539 ita
868 1499 918 1539 ut
949 1508 1006 1538 ex
1043 1491 1216 1538 vicenis
1244 1490 1460 1554 jactibus,
1498 1490 1577 1536 vix
1611 1490 1743 1537 unica

343 1570 589 1617 resultaret
616 1568 896 1616 combustio.

405 1646 578 1693 Deinde
597 1645 660 1692 illi
681 1645 738 1692 de
758 1645 865 1691 villa
885 1660 1026 1706 super
1051 1643 1139 1691 hiis
1158 1643 1383 1707 indignati
1401 1659 1487 1706 per
1506 1643 1742 1690 teraschas

340 1721 530 1770 ecclesie
561 1725 698 1768 Beate
729 1721 867 1768 Marie
906 1720 1172 1783 supradicte
1210 1720 1366 1783 ignem
1406 1725 1664 1782 posuerunt
1696 1720 1741 1767 in

338 1799 474 1863 lignis
501 1799 558 1846 ad
579 1797 947 1846 comburendum
975 1796 1144 1860 aptatis
1171 1813 1259 1859 pro
1288 1799 1411 1860 Papa
1437 1802 1481 1843 et
1507 1795 1605 1860 ejus
1631 1813 1742 1860 pro-

337 1875 532 1931 visione,
563 1892 652 1937 que
680 1874 864 1937 penitus
890 1879 1054 1921 exusta
1081 1872 1234 1920 sunt1.
1264 1876 1410 1920 Porro
1436 1872 1515 1935 qui
1541 1879 1673 1919 erant
1693 1872 1739 1919 in

338 1950 582 2013 campanili
615 1949 823 1997 fecerunt
850 1948 1201 2012 propugnacula
1235 1947 1386 2011 lignea
1419 1947 1558 1995 coriis
1591 1948 1739 1995 velata

337 2027 394 2073 ad
422 2025 791 2090 impugnandum
817 2032 864 2072 et
888 2024 1201 2071 resistendum
1223 2031 1387 2070 contra
1412 2024 1514 2070 illos
1533 2024 1591 2070 de
1615 2024 1740 2086 pala-

336 2103 424 2150 cio.
466 2107 535 2150 Ex
569 2110 765 2165 utraque
806 2101 931 2149 enim
964 2106 1095 2164 parte
1137 2100 1441 2147 mittebantur
1481 2100 1658 2162 lapides
1694 2107 1740 2148 et

335 2179 501 2243 sagitte
527 2179 572 2224 in
599 2178 918 2225 instrumentis
944 2177 1001 2224 ad
1022 2178 1111 2224 hoc
1136 2176 1458 2240 proiciendum
1484 2176 1623 2239 aptiS.

401 2257 615 2303 Ceterum
647 2254 709 2301 illi
737 2254 794 2301 de
821 2254 995 2316 palacio
1028 2253 1157 2316 quasi
1193 2269 1278 2316 per
1312 2253 1429 2317 Vijtem
1457 2252 1739 2316 septimanas

336 2331 534 2380 diversis
563 2330 884 2377 instrumentis
908 2330 1080 2394 jugiter
1105 2330 1347 2376 mittebant
1374 2330 1560 2393 sagitas,
1591 2329 1739 2376 conti-

336 2414 531 2456 nuantes
549 2407 844 2454 emissionem
861 2406 981 2470 ignis
998 2406 1172 2453 urentis
1190 2423 1295 2453 cum
1312 2406 1558 2453 tisionibus
1576 2422 1738 2452 accen-

336 2485 416 2541 sis,
441 2484 499 2531 de
517 2484 687 2547 quibus
708 2483 870 2531 cedem
888 2500 979 2530 non
1001 2482 1233 2530 modicam
1251 2488 1297 2529 et
1315 2482 1569 2545 dampnum
1590 2483 1737 2529 maxi-

337 2577 465 2608 mum
493 2561 539 2607 in
565 2560 670 2607 villa
698 2560 922 2607 fecerunt.
954 2559 1144 2607 Interim
1176 2559 1237 2606 illi
1268 2559 1326 2606 de
1354 2558 1458 2606 villa
1485 2564 1737 2606 erexerunt

386 2696 419 2730 1.
443 2710 458 2728 «
480 2696 579 2731 Item
600 2706 734 2731 meron
756 2694 842 2731 fuoc
862 2705 909 2730 en
937 2695 972 2731 lo
999 2694 1149 2731 lenhier
1175 2694 1235 2730 del
1264 2694 1382 2740 Papa,
1403 2704 1475 2741 que
1496 2704 1561 2729 era
1578 2693 1682 2739 just-a
1703 2694 1738 2730 la

339 2764 353 2785 ι(
379 2756 480 2787 torre
500 2751 545 2788 de
566 2752 746 2798 Trulhas,
773 2762 793 2787 e
821 2751 931 2787 duret
957 2752 992 2787 10
1020 2751 1105 2787 fuoe
1130 2757 1207 2786 tres
1231 2751 1339 2798 jorns
1366 2761 1386 2787 e
1412 2756 1545 2798 quatre
1572 2761 1694 2797 nuegz
1718 2764 1734 2784 »

339 2811 509 2855 (Journal
529 2812 570 2846 de
589 2812 771 2847 Bertrand
792 2812 942 2856 Boysset,
969 2810 1078 2847 fonds
1099 2810 1220 2858 franc.
1244 2809 1350 2856 5728,
1373 2810 1435 2846 sol.
1457 2809 1500 2846 30
1520 2810 1583 2856 ro).
