1941 3294
243 268 346 315 1405]
519 271 890 303 CHRONOGRAPHIA
916 269 1067 302 REGUM
1090 268 1367 301 FRANGORUM.
1575 265 1642 302 ‘265

242 353 357 406 erat,
388 348 559 411 quique
582 347 757 411 juravit
788 346 980 393 consilio
1010 344 1134 409 regis
1164 351 1210 392 et
1242 344 1345 391 duci
1377 345 1644 409 Burgundie

242 425 370 489 quod
410 423 642 471 neminem
686 423 1036 478 intromitteret,
1076 421 1163 468 nisi
1205 421 1354 468 solum
1397 427 1561 484 gentes
1599 426 1645 468 et

242 501 483 549 consilium
502 499 643 563 regis.
666 499 879 547 Traditus
897 504 967 546 est
984 498 1129 545 eciam
1149 514 1175 543 a
1194 497 1385 544 consilio
1406 497 1529 560 regis
1549 497 1645 544 dux

242 577 512 641 Acquitanie
535 576 641 624 duci
662 576 953 631 Bituricensi‚
984 575 1043 622 ad
1067 575 1222 638 ipsum
1248 574 1644 621 manutenendum

242 661 287 701 et
313 654 615 717 indempnem
645 652 1019 700 custodiendum.
1045 652 1125 700 Cui
1154 651 1345 698 consilio
1371 651 1494 714 regis
1520 650 1645 698 idem

241 731 336 778 dux
354 729 620 795 Burgundie
638 735 680 777 et
701 729 794 776 duo
816 730 982 776 fratres
1003 728 1101 792 ejus
1121 727 1369 791 conjuncti,
1389 727 1641 790 quamdam

240 806 624 870 supplicationem
642 805 953 861 tradiderunt,
974 805 1105 869 cujus
1122 804 1363 867 exemplar
1376 803 1482 850 talia
1497 803 1645 850 conti-

239 883 400 930 nebat¹
431 900 441 929 ε

307 978 327 1003 <1
358 959 634 1016 Johannes2‚
660 960 756 1007 dux
778 959 1061 1023 Burgundie,
1085 958 1363 1015 Anthonius,
1387 957 1483 1005 dux
1510 961 1645 1005 Lem-

241 1054 261 1080 «
293 1036 539 1099 burgensis
565 1043 610 1083 et
636 1036 892 1099 Philippus,
923 1051 1080 1083 comes
1104 1035 1419 1092 Nivernensis,
1449 1035 1636 1091 fratres,

243 1132 263 1157 <t
293 1112 428 1159 vobis
448 1112 644 1160 humiles
664 1112 858 1176 subjecti
881 1118 927 1159 et
946 1111 1232 1168 obedientes,
1249 1128 1359 1158 vere
1380 1117 1427 1158 et
1444 1111 1643 1158 fideliter

242 1208 262 1232 ε(
295 1195 628 1252 cognoscentes
652 1188 825 1253 judicio
852 1188 1044 1236 rationis
1072 1188 1327 1251 quemlibet
1347 1188 1489 1235 vestri
1511 1187 1644 1251 regni

242 1283 262 1308 (ι
294 1264 488 1312 militem
511 1264 776 1311 notabiliter
794 1264 941 1311 teneri
966 1270 1012 1311 et
1033 1264 1228 1327 obligari
1251 1280 1335 1310 vos
1359 1270 1467 1326 post
1489 1264 1646 1310 Domi-

240 1360 261 1385 «
293 1357 405 1388 num
427 1356 600 1397 amare,
625 1341 801 1387 servire
820 1347 867 1387 et
885 1339 1095 1394 obedire,
1121 1356 1214 1385 non
1234 1344 1414 1386 tantum
1437 1339 1502 1386 sic
1519 1339 1645 1402 quod

240 1436 260 1461 a
291 1418 426 1465 vobis
442 1433 611 1464 nocere
624 1434 717 1464 non
731 1417 843 1464 velit
856 1433 966 1481 ymo
981 1418 1121 1464 etiam
1135 1422 1320 1463 tenetur
1334 1433 1425 1479 que
1439 1417 1558 1464 fiunt
1573 1416 1645 1462 vel

239 1512 260 1537 c<
291 1493 394 1540 fieri
415 1498 729 1557 procurantur
746 1498 908 1540 contra
921 1499 1132 1540 vestrum
1150 1492 1377 1539 honorem
1398 1498 1444 1539 et
1463 1492 1647 1555 profec-

239 1588 260 1614 α
290 1574 391 1618 tum
410 1569 546 1616 vobis
567 1570 831 1626 notificare3
856 1575 902 1617 et
925 1569 1127 1616 maxime
1148 1569 1204 1616 ad
1226 1570 1310 1616 hec
1330 1575 1549 1616 tenentur
1569 1569 1647 1632 qui

240 1664 260 1689 <i
292 1645 429 1692 vobis
456 1645 708 1709 sanguinea
734 1645 1035 1708 proximitate
1060 1661 1228 1709 magna
1255 1645 1461 1692 dominia
1488 1650 1648 1693 tenent

239 1740 261 1765 «ι
291 1726 432 1784 atque
468 1721 875 1768 matrimoniorum
912 1721 1175 1784 ligamentis
1209 1720 1474 1784 obligantur
1489 1758 1499 1776 ‚
1540 1720 1647 1783 quia

239 1817 259 1842 «
291 1797 427 1845 dictis
451 1797 647 1845 vinculis
674 1814 758 1844 nos
785 1797 918 1844 vobis
944 1797 1109 1861 ligatos
1137 1797 1380 1854 sentimuS,
1411 1803 1461 1844 ut
1496 1802 1642 1859 patet,

241 1893 261 1918 ε(
291 1874 399 1937 quia
418 1874 550 1921 vobis
569 1874 762 1938 subjecti
783 1890 943 1920 sumus
962 1874 1007 1919 in
1029 1889 1193 1937 regno,
1212 1873 1367 1920 divina
1382 1873 1647 1937 dignatione

240 1969 260 1994 α
294 1966 455 1998 sumus
476 1950 658 2014 cognati
683 1950 911 2013 germani,
939 1950 1182 2013 gratiaque
1203 1950 1348 1996 vestri
1368 1965 1456 2013 ego
1476 1950 1648 1997 Johan-

238 2044 258 2069 (ι
289 2043 371 2074 nes
392 2043 496 2074 sum
513 2027 609 2074 dux
629 2025 915 2090 Burgundie,
938 2042 1024 2088 par
1041 2026 1172 2090 regni
1190 2026 1379 2073 Francie
1394 2042 1448 2073 ac
1461 2025 1646 2089 parium

247 2169 252 2174 ·
283 2157 315 2191 1.
338 2156 421 2192 Elle
450 2155 507 2192 fut
534 2156 737 2202 presentee
767 2161 804 2191 et
831 2155 1068 2202 enregistree
1099 2166 1148 2192 au
1177 2155 1401 2192 Parlement
1422 2155 1457 2192 le
1483 2156 1528 2192 26
1555 2157 1646 2192 aout

235 2215 297 2256 (A.
317 2215 480 2261 Tuetey,
501 2216 661 2250 Journal
688 2216 729 2250 de
757 2215 903 2250 Nicolas
932 2216 973 2250 cle
1003 2215 1108 2259 Baye,
1135 2220 1160 2250 t.
1184 2214 1216 2260 Ι,
1238 2225 1273 2261 p.
1299 2214 1392 2260 139).
1418 2213 1579 2260 D’apres
1602 2225 1645 2251 ce

234 2284 307 2320 que
334 2273 389 2308 dit
410 2273 444 2308 le
472 2272 691 2319 Religieux,
713 2273 767 2309 les
794 2277 1019 2319 arguments
1047 2273 1216 2308 enonces
1243 2272 1339 2308 dans
1366 2283 1409 2308 ce
1436 2272 1646 2309 document

234 2332 364 2367 furent
384 2332 544 2378 exposes
566 2331 599 2366 le
621 2331 802 2367 vendredi
822 2331 862 2367 21
889 2333 979 2367 aout
999 2342 1068 2378 par
1082 2343 1136 2366 un
1157 2331 1307 2367 certain
1326 2331 1426 2367 Jean
1448 2331 1493 2367 de
1514 2331 1645 2368 Nieles

235 2391 274 2437 (t.
296 2390 367 2435 HI,
387 2402 422 2437 p.
445 2390 513 2426 ‘396
535 2395 572 2425 et
594 2390 688 2433 310).
713 2390 770 2426 Cf.
794 2391 890 2428 Geste
909 2392 967 2426 des
995 2392 1128 2431 nobles,
1152 2390 1210 2426 e'd.
1235 2389 1365 2426 Vallet
1386 2389 1431 2426 de
1454 2389 1644 2436 Viriville,

233 2460 268 2495 p.
294 2449 374 2484 111.

280 2507 314 2543 2.
337 2507 565 2543 Monstrelet
588 2509 627 2549 (t.
651 2507 681 2553 I,
705 2519 740 2554 p.
765 2508 842 2553 115)
866 2507 994 2544 donne
1017 2513 1117 2545 cette
1138 2508 1246 2555 piece
1268 2518 1317 2543 en
1339 2507 1520 2555 franoaiS.
1543 2507 1644 2543 C‘est

232 2566 319 2602 bien
334 2577 382 2602 en
397 2572 496 2602 cette
513 2567 651 2613 langue
667 2566 804 2613 qu‘elle
821 2578 843 2603 a
857 2568 916 2603 ete
937 2567 1054 2603 ecrite
1070 2572 1108 2603 et
1123 2566 1422 2613 communiquee
1443 2577 1492 2602 au
1510 2566 1643 2601 Parle-

233 2630 340 2661 ment
361 2625 492 2670 (Arcti.
518 2632 614 2672 nat.,
631 2626 705 2661 X¹A
725 2625 831 2669 8602,
854 2625 916 2662 fol.
943 2626 1009 2663 186
1031 2627 1106 2672 v0);
1125 2626 1223 2661 mais
1245 2625 1435 2671 l’original
1457 2631 1514 2661 est
1535 2625 1642 2661 abso-

233 2683 382 2720 lumem
414 2683 590 2720 different
622 2684 667 2721 do
695 2685 730 2720 la
756 2685 911 2721 version
941 2684 986 2720 de
1018 2685 1259 2729 Monstrelet‚
1289 2694 1439 2720 comme
1469 2694 1517 2719 on
1549 2690 1636 2730 peut

234 2741 315 2778 s’en
336 2743 569 2779 convaincre
591 2744 717 2779 meme
739 2755 806 2790 par
828 2755 879 2780 un
899 2754 1063 2780 examen
1086 2743 1317 2790 superliciel.
