1941 3294
326 267 394 303 214
597 271 974 303 CHRONOGRAPHIA
999 270 1152 302 REGUM
1177 270 1456 303 FRANGORUM.

326 347 524 405 Quilibet
555 353 710 394 autem
746 347 950 394 filiorum
990 345 1089 409 ejus
1119 352 1245 394 ‘tenet
1277 363 1499 411 magnum
1537 353 1725 406 statum,

325 423 498 471 scilicet
538 422 597 469 de
633 422 720 470 XXti
758 424 814 470 ad
847 430 967 470 xxxM
1006 421 1263 469 hominum.
1303 427 1359 471 Et
1394 423 1730 486 primogenitus

323 504 451 546 tenet
475 499 727 546 maximam
754 498 932 546 curiam
954 502 1001 544 et
1018 502 1089 543 est
1116 513 1285 545 nomen
1313 499 1411 562 ejus
1427 497 1731 547 Abatremesa

323 581 370 623 et
407 575 742 638 interpretatur
784 575 913 621 illum
952 576 1029 637 qui
1065 581 1199 621 natus
1239 581 1306 622 est
1349 591 1405 623 ex
1445 582 1575 637 parte
1616 575 1732 632 Dei,-

322 727 548 790 apellatur
573 726 781 775 Omariza
808 731 854 772 et
885 732 955 772 est
984 726 1303 773 locumtenens
1334 731 1504 774 Temur
1529 729 1639 790 Bey.
1674 731 1732 775 Et

323 804 537 867 quamvis
550 809 703 850 teneat
717 818 933 866 magnam
950 802 1143 858 curiam,
1162 809 1316 850 tamen
1330 820 1421 850 non
1436 809 1507 850 est
1525 803 1727 866 sapiens,

322 880 405 928 sed
428 887 499 927 est
519 879 621 926 vilis
647 886 692 926 et
718 879 922 942 pessime
952 878 1229 926 conditionis
1255 885 1300 926 et
1323 880 1442 926 male
1466 879 1576 927 vite.
1606 883 1731 928 Duos

322 956 541 1020 parvulos
567 955 686 1002 filios
713 955 852 1002 habet
877 961 923 1002 et
947 960 1075 1002 tenet
1102 955 1354 1002 maximam
1378 957 1571 1003 curiam.

386 1032 692 1079 Temurlanus
717 1038 830 1080 LXXa
859 1037 1054 1095 nepotes
1081 1038 1127 1078 et
1154 1032 1257 1094 plus
1282 1032 1420 1079 habet
1443 1051 1451 1079 :
1477 1033 1536 1080 de
1562 1033 1732 1095 quibus

320 1108 500 1171 primus
525 1107 711 1155 nomine
738 1111 1005 1155 Manuzatan
1027 1107 1111 1154 fuit
1131 1107 1251 1153 filius
1270 1107 1467 1154 senioris
1484 1108 1641 1156 fratris
1660 1109 1731 1156 sui

321 1192 365 1232 et
386 1201 443 1231 ex
470 1190 603 1247 parte
631 1184 795 1231 matris
821 1190 892 1231 est
917 1184 974 1231 de
996 1184 1120 1230 claro
1147 1184 1369 1247 sanguine
1393 1184 1559 1247 prefati
1584 1185 1733 1248 impe-

319 1262 487 1309 ratoris
515 1267 561 1308 et
579 1268 704 1309 tenet
722 1277 940 1324 magnam
967 1260 1143 1307 curiam
1169 1260 1299 1322 quasi
1326 1261 1556 1309 secundus
1582 1261 1732 1308 domi-

320 1355 423 1385 nus,
454 1342 501 1385 In
529 1337 765 1400 plerisque
797 1337 1009 1400 partibus
1036 1343 1081 1383 et
1106 1336 1375 1400 regionibus
1401 1338 1559 1400 plures
1580 1337 1731 1385 domi-

320 1432 405 1462 nos
442 1414 640 1461 instituit
678 1415 758 1476 qui
798 1419 958 1460 tenent
996 1413 1054 1460 de
1093 1429 1149 1459 eo
1192 1420 1238 1459 et
1270 1429 1429 1460 secum
1467 1419 1725 1461 morantur.

319 1496 492 1542 Verum
505 1490 809 1542 Temurlanus
827 1490 996 1537 multas
1016 1489 1277 1551 provincias
1291 1505 1552 1553 magnaque
1566 1505 1726 1553 regna,

319 1575 370 1615 ut
398 1568 573 1614 dictum
606 1573 694 1623 est,
727 1567 814 1614 sub
842 1583 891 1613 se
918 1566 1056 1613 habet
1087 1584 1095 1612 :
1126 1582 1233 1612 nam
1262 1565 1320 1612 ab
1347 1565 1475 1612 India
1505 1582 1653 1628 usque
1684 1566 1729 1612 in

319 1644 570 1706 Turquiam
593 1649 774 1691 tantum
803 1643 979 1690 itineris
1011 1643 1219 1706 spacium
1250 1659 1353 1690 esse
1388 1641 1576 1699 dicitur,
1604 1642 1731 1706 quod

319 1720 424 1783 quis
449 1737 535 1783 per
562 1721 723 1768 decem
749 1736 935 1767 menses
956 1720 1171 1767 continue
1198 1724 1357 1782 posset
1381 1719 1616 1767 itinerare.
1674 1713 1676 1715 ’

383 1799 438 1843 Et
459 1797 579 1843 inter
604 1797 715 1843 alias
736 1796 1000 1859 provincias
1027 1813 1108 1844 seu
1135 1812 1278 1860 regna
1300 1813 1308 1842 :
1337 1796 1437 1859 Dyli
1463 1802 1533 1843 est
1558 1796 1730 1859 princi-

319 1873 445 1935 pale;
472 1873 736 1920 Siurenam¹
760 1890 850 1935 que
870 1879 940 1920 est
964 1873 1202 1935 provincia
1220 1880 1358 1935 atque
1376 1873 1608 1929 Cialafam,
1631 1873 1729 1921 Cia-

318 1949 454 1996 lafam
473 1949 662 2011 quidem
684 1949 922 2012 provincia
939 1955 1010 1996 est
1030 1949 1107 1996 ubi
1129 1949 1342 1996 oriuntur
1362 1955 1462 1996 cete
1479 1967 1489 2005 3
1513 1949 1728 1996 Feiinus2

319 2025 556 2089 provincia
589 2032 660 2072 est
700 2025 780 2073 ubi
819 2026 1118 2089 reperiuntur
1152 2025 1363 2088 preciose
1397 2026 1646 2090 margarite
1682 2031 1729 2073 et

319 2101 426 2149 inde
451 2101 510 2148 ab
532 2102 659 2149 India
681 2102 870 2149 veniunt
891 2102 1069 2164 species
1087 2119 1172 2165 per
1191 2102 1385 2149 fluvium
1404 2103 1578 2166 Gyonss,
1605 2102 1728 2150 unde

320 2177 609 2225 descendunt
635 2178 694 2225 ad
713 2177 823 2225 alias
850 2178 1082 2234 nationes3
1114 2178 1368 2242 Origanum
1394 2179 1632 2241 provincia
1657 2185 1730 2226 est

320 2271 410 2316 que
425 2255 607 2316 persico
623 2253 858 2317 ydiomate
873 2256 1125 2302 Gorosamo
1143 2254 1356 2312 dicitur43
1374 2255 1455 2303 Cin
1469 2261 1515 2302 et
1529 2255 1725 2304 Mechin5

321 2336 428 2377 sunt
448 2330 687 2393 provincie
707 2330 787 2378 ubi
811 2331 977 2378 crescit
995 2332 1245 2379 rambarba
1272 2338 1318 2378 et
1340 2332 1403 2379 ibi
1428 2332 1727 2379 inveniuntur

370 2499 401 2533 vl.
428 2497 608 2533 Simnan.

367 2557 403 2593 2.
426 2557 620 2593 Esfera'in.

371 2616 402 2651 3.
429 2616 593 2652 Sihoun.

369 2674 403 2709 4.
426 2674 623 2710 Carezem.

374 2734 406 2768 5.
430 2732 539 2768 Chim
561 2737 599 2769 et
618 2732 773 2778 Macim,
795 2743 843 2768 ou
865 2733 901 2769 la
921 2732 1042 2769 Chine
1063 2732 1214 2779 d'apres
1232 2733 1443 2781 Bergeron.
