1941 3294
345 351 410 387 184
613 353 981 386 GHRONOGRAPHIA
1006 352 1159 384 REGUM
1183 352 1461 384 FRANCORUM.
1630 347 1736 394 [1400

343 437 591 493 antequam
621 437 941 485 coronaretur,
971 428 1043 475 cui
1068 428 1255 475 indulsit
1280 428 1507 491 quidquid
1534 428 1738 475 offende-

342 512 413 553 rat
439 511 598 553 contra
626 522 691 552 se.
722 503 940 567 Suspensi
965 508 1121 549 autem
1146 511 1253 550 sunt
1274 504 1472 550 Thomas
1497 502 1660 549 Blondi
1692 508 1738 549 et

340 582 615 629 Benedictus
641 582 763 629 Cheli
789 581 956 627 milites
976 584 1115 642 atque
1136 581 1227 626 vivi
1254 580 1392 626 ablati
1418 579 1475 625 de
1501 578 1732 640 patibu103

341 662 506 705 Tomas
529 675 732 720 quoque,
756 656 989 703 evacuatis
1006 655 1202 703 budellis
1223 657 1316 703 suis
1339 655 1489 702 adhuc
1511 655 1671 701 vivens
1691 661 1738 701 et

339 811 437 873 ejus
456 810 656 857 divisum
681 815 767 855 est.
800 808 1075 855 Benedictus
1101 815 1254 855 autem
1282 808 1568 870 decapitatus
1597 813 1668 854 est
1693 812 1739 853 et

339 887 514 933 divisus
533 886 577 932 in
597 886 692 948 iiijor
712 891 885 947 partes.
904 884 1052 932 Ceteri
1073 885 1315 947 decapitati
1335 884 1476 930 vitan]
1501 883 1735 930 finierunt.

403 965 501 1018 Quo
527 961 665 1016 facto,
695 977 778 1006 rex
799 960 1047 1007 Henrricus
1073 960 1200 1007 misit
1224 961 1388 1007 ducem
1415 959 1665 1008 Albemalle
1692 964 1737 1006 et

338 1039 559 1084 Thomam
586 1037 900 1100 d’Erpinghen
923 1037 980 1083 ad
1009 1037 1352 1099 insequendum
1379 1036 1620 1084 dominum
1639 1035 1740 1082 Dis-

337 1120 659 1176 pensatorem,
700 1113 918 1159 comitem
951 1112 1222 1167 Clocestrie‚
1263 1112 1343 1174 qui
1379 1118 1541 1175 captus
1574 1118 1644 1158 est
1680 1111 1738 1158 ab

337 1190 402 1236 eis
434 1196 478 1235 et
516 1189 786 1235 decollatus.
831 1191 977 1234 Porro
1014 1187 1109 1234 dux
1140 1188 1394 1243 Excestrie‚
1434 1188 1577 1235 frater
1613 1187 1738 1250 regis

336 1265 568 1320 Richardi‚
610 1264 802 1311 veniens
842 1265 887 1310 in
925 1264 1177 1326 quamdam
1217 1264 1371 1310 villam
1415 1280 1505 1325 que
1543 1269 1738 1310 vocatur

337 1341 601 1388 Estaocem¹
628 1341 704 1388 ubi
733 1341 1001 1387 morabatur
1027 1340 1262 1387 comitissa
1279 1339 1507 1387 Arvordie
1529 1339 1733 1394 docaria,

338 1434 472 1464 soror
490 1418 669 1464 comitis
690 1417 927 1463 Arondelli
945 1416 1024 1480 qui
1043 1417 1192 1463 fuerat
1208 1416 1444 1463 Londonie
1461 1416 1731 1473 decollatus,

337 1501 386 1541 ut
413 1494 587 1541 dictum
613 1500 682 1541 est
709 1510 867 1556 supra,
892 1493 1060 1540 locavit
1081 1510 1129 1540 se
1154 1509 1284 1539 more
1305 1493 1439 1539 solito
1466 1493 1510 1539 in
1533 1492 1736 1554 quodam

337 1570 563 1632 hospicio.
594 1572 719 1616 Tunc
740 1569 860 1615 dicta
881 1568 1067 1615 domina
1088 1567 1245 1631 agnito
1266 1567 1364 1630 ejus
1385 1567 1603 1623 adventu,
1626 1584 1738 1615 mox

338 1644 630 1707 congregatis
674 1643 830 1690 multis
875 1643 1161 1696 hominibus,
1205 1643 1309 1689 fecit
1348 1659 1454 1689 eum
1490 1643 1590 1705 capi
1631 1659 1736 1689 cum

337 1720 553 1767 omnibus
580 1720 658 1783 qui
686 1735 843 1766 secum
870 1725 1000 1765 erant
1034 1726 1079 1766 et
1105 1719 1149 1765 in
1177 1734 1410 1765 carcerem
1437 1718 1587 1774 trudi;
1616 1719 1738 1782 capti

337 1801 444 1843 sunt
465 1796 602 1842 etiam
629 1796 785 1858 plures
810 1795 978 1842 milites
999 1795 1096 1858 ejus
1117 1811 1170 1841 ac
1194 1794 1398 1842 scutiferi
1427 1811 1510 1858 per
1535 1795 1735 1858 patriam

337 1872 421 1919 hac
439 1872 541 1919 illac
562 1872 807 1934 fugientes.

401 1950 527 1994 Tunc
556 1947 742 1993 domina
781 1945 966 2008 scripsit
998 1945 1174 1992 litteras
1210 1947 1434 1993 Henrrico
1466 1947 1587 2010 regi,
1624 1963 1737 2009 qua-

335 2025 459 2071 tinus
504 2024 708 2070 mitteret
752 2022 836 2069 sibi
882 2029 1105 2085 nepotem
1153 2039 1289 2069 suum
1334 2023 1550 2069 comitem
1588 2025 1737 2070 Aron-

336 2099 441 2146 delli
480 2098 537 2145 ad
577 2097 834 2145 faciendam
878 2096 1130 2144 vindictam
1170 2097 1228 2143 de
1268 2104 1418 2144 morte
1454 2097 1602 2160 patris
1644 2099 1732 2146 sui.

336 2178 461 2222 Tunc
495 2191 577 2222 rex
615 2174 741 2220 misit
773 2173 991 2220 eumdem
1027 2173 1244 2219 comitem
1277 2173 1513 2221 Arondelli
1545 2173 1603 2220 ad
1630 2191 1736 2238 pre—

336 2252 506 2299 dictam
549 2251 784 2298 dominam
824 2250 1079 2297 secundum
1116 2249 1242 2311 quod
1281 2250 1569 2312 postulabat3
1607 2267 1736 2298 cum-

335 2345 425 2390 que
462 2328 664 2374 venisset
699 2334 803 2375 ante
842 2327 1013 2373 dictam
1052 2326 1311 2381 dominam,
1355 2327 1531 2389 reperit
1567 2327 1734 2374 ducem

333 2403 570 2450 Excestrie
596 2419 754 2449 coram
778 2419 830 2449 ea
857 2418 997 2464 quem
1026 2401 1175 2448 facere
1202 2402 1318 2448 mori
1348 2402 1549 2458 volebat,
1580 2410 1734 2450 astan-

333 2480 457 2526 tibus
488 2479 551 2525 ibi
582 2479 765 2526 circiter
798 2486 903 2525 octo
940 2478 1125 2524 milibus
1153 2478 1338 2525 rusticis
1373 2479 1430 2526 de
1463 2480 1610 2542 patria
1636 2479 1728 2535 illa,

335 2572 418 2602 nec
444 2561 543 2602 erat
567 2554 630 2601 ibi
658 2554 903 2617 quisquam
938 2561 1095 2616 preter
1128 2555 1413 2602 comitissam
1444 2562 1489 2601 et
1513 2555 1730 2602 comitem

335 2632 567 2679 Arondelli
588 2632 699 2694 quin
726 2631 1042 2677 misericordia
1062 2638 1216 2678 motus
1237 2648 1379 2695 super
1398 2648 1505 2680 eum
1526 2632 1665 2679 vellet
1690 2631 1731 2679 ei

384 2810 415 2844 1.
439 2808 541 2845 C’est
561 2819 607 2844 en
628 2808 715 2844 effet
736 2807 831 2843 dans
852 2807 886 2844 le
908 2808 1033 2844 comte
1055 2807 1228 2853 d'Essex‚
1250 2809 1271 2843 a.
1293 2807 1497 2844 Pritewell.
