1941 3294
223 277 327 324 1382]
497 279 866 313 CHRONOGRAPHIA
891 280 1045 312 REGUM
1069 280 1348 313 FRANGORUM.
1574 277 1617 314 43

220 363 366 408 Porro
401 359 474 407 die
503 359 625 424 jovis
658 359 887 423 sequenti,
925 359 1095 407 scilicet
1135 360 1263 424 xxvij
1300 359 1374 407 die
1411 359 1619 423 ejusdem

222 437 412 494 mensis,
447 453 558 501 rege
590 452 698 483 cum
730 452 815 483 suo
847 435 1053 483 exercitu
1079 435 1127 483 in
1154 436 1331 500 campis
1366 435 1613 492 existente,

220 513 459 576 Philippus
484 512 542 559 de
562 512 843 568 Arthevella,
867 513 1135 576 capitaneus
1160 512 1550 568 Gandavensium,
1574 517 1620 559 et

220 590 315 637 fere
341 598 423 637 LX³¹
446 588 668 652 Flamingi
694 587 773 651 qui
801 588 1083 636 obsederant
1099 588 1450 637 Audenardam1
1481 604 1620 635 vene-

218 672 328 713 runt
345 682 510 713 versus
536 665 794 712 exercitum
819 665 960 729 regis,
985 665 1032 712 in
1054 665 1155 713 loco
1182 665 1262 728 qui
1287 664 1458 713 dicitur
1476 669 1621 713 Roze-

218 741 413 804 beque2.

282 816 612 882 Antegardiam
629 833 743 864 vero
763 817 994 865 exercitus
1014 817 1137 881 regis
1157 816 1386 864 faciebant
1411 816 1620 879 prefatus

217 894 612 942 conestabularius
660 900 706 941 et
752 894 846 941 duo
900 894 1158 941 marescalli
1206 894 1395 941 Francie
1411 932 1422 950 ‚
1470 892 1623 940 Ludo-

217 971 347 1018 vicus
368 970 427 1018 de
455 973 757 1018 Sacrocesare
781 976 825 1017 et
852 974 993 1028 Muto,
1021 971 1237 1018 dominus
1262 970 1319 1018 de
1343 969 1623 1034 B[l]ainvilla

218 1063 325 1095 cum
357 1064 525 1111 magna
559 1047 853 1094 multitudine
892 1047 1131 1095 hominum
1169 1063 1435 1103 armorum,
1473 1053 1623 1094 retro-

216 1124 378 1188 gardie
407 1140 521 1171 vero
560 1130 783 1187 preerant
819 1124 1051 1172 Johannes
1093 1123 1151 1170 de
1184 1123 1425 1180 Arthesio,
1465 1139 1623 1170 comes

216 1199 352 1263 Augi,
384 1198 534 1247 Guido
558 1199 616 1246 de
641 1198 929 1255 Castellione,
960 1214 1118 1246 comes
1143 1199 1390 1255 Blesensis,
1414 1199 1624 1246 Walran-

217 1275 305 1323 dus
331 1276 390 1323 de
414 1276 762 1339 Luxemburgo,
792 1291 949 1322 comes
973 1275 1128 1322 Sancti
1154 1274 1297 1331 Pauli,
1327 1291 1432 1322 cum
1457 1291 1623 1339 magna

216 1352 401 1400 milicia.
431 1357 481 1400 In
508 1352 714 1400 exercitu
754 1369 940 1415 quoque
966 1352 1090 1416 regis
1125 1358 1257 1399 erant
1282 1358 1378 1399 tres
1411 1351 1624 1399 avunculi

217 1428 333 1492 ejus,
356 1427 547 1484 Biturie,
571 1427 837 1491 Burgundie
860 1433 906 1474 et
923 1428 1162 1484 Borbonii,
1186 1428 1474 1490 comitesque
1495 1427 1626 1475 Flan-

216 1504 416 1560 drensis,
454 1503 737 1552 Conversani
767 1503 1077 1566 dominusque
1111 1504 1368 1568 d’Enghien
1399 1520 1536 1551 causa
1567 1503 1625 1551 de

216 1580 359 1627 fratre
384 1580 569 1643 nepotis
594 1579 665 1628 sui
696 1580 873 1627 domini
905 1580 1163 1645 d’Enghien
1190 1599 1215 1628 a
1242 1580 1626 1629 Gandavensibus

217 1657 467 1721 perempti,
497 1660 750 1721 RupertuS,
781 1657 878 1705 dux
901 1657 1093 1705 Bavarie
1128 1674 1235 1705 cum
1264 1658 1476 1721 pluribus
1509 1661 1626 1704 Teu-

215 1734 382 1781 tonicis
418 1734 532 1781 viris
570 1734 836 1790 nominatis,
874 1734 1122 1790 Johannes,
1159 1751 1317 1782 comes
1351 1734 1547 1781 Marchie
1579 1738 1624 1780 et

215 1809 415 1857 Jacobus
437 1809 789 1866 Borboniensis,
811 1826 1062 1874 germanus
1086 1810 1201 1874 ejus,
1228 1826 1384 1857 comes
1407 1812 1625 1857 Sacroce-

215 1885 435 1933 sariensis
466 1902 573 1933 cum
604 1886 703 1933 aliis
738 1886 987 1934 comitibus
1019 1886 1366 1950 baronibusque
1397 1892 1443 1933 et
1468 1885 1624 1933 militi-

215 1961 303 2010 bus
322 1978 375 2010 ac
393 1962 492 2010 aliis
509 1963 553 2009 in
575 1963 707 2027 gravi
725 1963 1073 2019 multitudine³;
1098 1963 1316 2010 dominus
1336 1969 1491 2010 autem
1507 1965 1624 2011 Cou-

215 2101 249 2137 le
269 2101 313 2138 ‘26
334 2101 556 2138 novembre.
577 2101 652 2138 Sur
672 2102 708 2138 la
729 2102 963 2139 soumission
983 2102 1028 2137 de
1051 2108 1151 2139 cette
1172 2101 1278 2147 ville,
1294 2113 1379 2149 voy.
1396 2104 1520 2138 Par-tie
1542 2105 1622 2139 ine'-

213 2161 286 2196 dite
303 2162 362 2196 des
382 2162 599 2205 chrom'ques
614 2162 655 2196 de
668 2162 918 2202 Saint-Denis,
938 2172 973 2207 p.
994 2161 1036 2196 15
1052 2161 1073 2196 a
1091 2162 1147 2206 17,
1163 2167 1201 2196 et
1222 2160 1428 2206 Froissart,
1445 2161 1504 2197 ed.
1522 2162 1620 2198 Ker-

214 2229 292 2265 vyn
312 2218 357 2254 de
379 2219 633 2265 Lettenhove,
655 2225 682 2255 t.
706 2219 759 2265 X,
780 2231 817 2267 p.
844 2220 908 2256 14⁵2
929 2226 967 2256 et
987 2219 1069 2255 473.

262 2278 294 2312 1.
317 2277 418 2313 C'est
438 2278 472 2312 le
494 2278 628 2313 chiffre
649 2277 776 2314 donne
796 2289 865 2325 par
886 2279 918 2314 le
934 2280 1029 2314 Re‘m‘t
1049 2280 1090 2314 de
1108 2281 1146 2314 la
1166 2289 1365 2324 campaqne
1384 2279 1426 2313 de
1447 2280 1620 2314 Flandres

214 2337 261 2383 (p.
287 2337 357 2380 55»,
380 2337 445 2384 qui
465 2349 490 2384 y
511 2337 638 2384 ajoute
659 2337 767 2382 2‚600
788 2337 997 2373 Flamands
1018 2337 1064 2373 de
1086 2337 1248 2385 Bruges.

257 2394 291 2430 ἱ).
314 2396 372 2432 Ou
394 2394 777 2441 West-Roosebeke,
800 2407 866 2432 sur
887 2396 922 2432 la
943 2402 1050 2432 route
1070 2396 1233 2443 d'Ypres
1254 2396 1276 2431 a
1299 2396 1475 2432 Roulers.

261 2453 293 2489 3.
383 2466 397 2485 «
422 2453 558 2500 Berry,
582 2453 827 2502 Bourgoigne
849 2466 873 2502 y
893 2455 964 2500 fut,
986 2455 1079 2492 dont
1097 2455 1134 2502 je
1155 2466 1218 2491 me
1241 2455 1430 2499 membre,

378 2512 575 2557 Bourbon,
598 2513 754 2550 Marche
775 2519 813 2550 et
833 2514 1034 2560 Flandres,
1056 2514 1177 2562 Bloys
1198 2519 1235 2550 et
1256 2514 1453 2560 Emreux,

378 2571 489 2607 Saint
512 2571 624 2617 Poul,
647 2571 792 2620 Coucy,
813 2573 1001 2609 l’admiral
1021 2585 1115 2610 avec
1136 2574 1240 2618 eulx,
1261 2579 1335 2610 etc.
1362 2587 1376 2606 ι

213 2631 344 2666 Par-mi
367 2631 421 2666 les
443 2641 554 2666 noms
587 2631 681 2667 citos
706 2642 775 2678 par
797 2631 829 2666 le
850 2633 975 2679 poete,
999 2644 1048 2669 on
1070 2633 1195 2669 releve
1218 2633 1318 2668 celui
1346 2633 1395 2668 du
1423 2638 1548 2669 comte
1575 2633 1620 2669 de

213 2689 460 2725 Conversano
483 2690 654 2726 ‹OEuvres
674 2693 859 2736 completas
878 2693 1093 2727 d’Eustache
1112 2693 1339 2738 DescharnPS,
1364 2691 1422 2727 ed.
1445 2691 1495 2727 du
1520 2703 1619 2728 mar-

213 2748 299 2795 quis
319 2748 364 2784 de
386 2748 522 2793 Queux
538 2748 582 2784 de
605 2748 903 2795 Saint-Hilaire,
927 2756 951 2785 t.
976 2750 1048 2795 ΠΙ,
1065 2761 1100 2798 p.
1119 2750 1162 2787 69
1184 2756 1219 2787 et
1241 2751 1311 2794 ΤΟ),
1333 2762 1405 2799 que
1426 2751 1616 2789 Froissart
