1941 3294
315 324 359 360 40
585 328 953 360 GHRONOGRAPHIA
978 327 1129 359 REGUM
1154 326 1430 359 FRANCORUM.
1600 321 1703 368 [1382

315 407 464 453 facere
495 411 728 462 renuerat,
759 406 955 453 multum
981 421 1061 452 seu
1087 405 1343 462 distulerat,
1370 403 1556 462 Karolo,
1586 404 1706 468 patri

315 482 521 544 ejusdem
541 482 681 546 regis.

377 562 492 606 Item
515 559 562 605 in
595 558 761 606 eodem
792 573 950 605 mense
983 556 1194 604 abierunt
1218 561 1493 613 Tornaeum,
1523 556 1651 604 missi
1682 574 1708 603 a

311 651 438 698 rege,
472 635 719 697 episcopus
758 633 1119 689 Laudunensis1,
1152 633 1368 681 dominus
1391 632 1623 682 Arnoldus
1649 633 1707 680 de

312 711 523 768 Corbeia,
547 711 727 774 primus
750 709 992 772 presidens
1017 708 1065 755 in
1085 710 1419 767 parlamento2,
1441 709 1710 771 Radulphus

313 787 529 834 dominus
555 787 612 834 de
638 786 907 834 Ranavalle3
943 790 988 831 et
1020 785 1178 848 plures
1215 786 1288 833 alii
1325 786 1383 833 ad
1417 784 1711 832 tractandum

314 879 420 910 cum
440 862 688 926 Flamingis
714 868 759 908 et
784 860 1007 923 precipue
1030 877 1135 908 cum
1158 862 1560 918 Gandavensibu53
1583 878 1711 909 cum-

312 955 402 1002 que
428 938 585 1001 plures
604 938 756 984 littere
777 937 929 984 clause
956 953 1040 999 per
1059 938 1264 1000 prefatos
1290 938 1348 985 de
1375 938 1566 985 consilio
1585 938 1711 1001 regis

311 1020 357 1061 et
383 1031 441 1060 ex
476 1018 608 1076 parte
636 1013 845 1076 ejusdem
872 1013 1120 1076 Flamingis
1152 1013 1529 1061 Gandavensibus
1561 1014 1711 1061 mitte-

311 1096 490 1146 rentur,
503 1090 750 1137 noluerunt
762 1095 961 1136 tractare
976 1106 1082 1136 cum
1095 1089 1208 1153 ipsis
1220 1107 1304 1137 nec
1314 1091 1574 1138 consentire
1589 1090 1708 1153 paci,

311 1167 396 1213 nisi
414 1166 544 1228 prius
564 1166 669 1213 villa
690 1166 748 1213 de
766 1165 1061 1222 Audenarda,
1083 1182 1223 1229 quam
1240 1182 1347 1213 cum
1365 1172 1563 1229 quatuor
1580 1182 1713 1213 exer-

313 1242 496 1298 citibus,
526 1242 698 1289 scilicet
729 1242 941 1305 ipsorum
968 1242 1357 1298 Gandavensium,
1386 1242 1709 1306 Brugensfflm,

314 1318 627 1382 Ypprensium
656 1325 701 1365 et
731 1319 927 1366 aliorum
953 1318 1297 1383 Flamingorum
1331 1325 1376 1366 et
1408 1334 1512 1366 cum
1542 1318 1715 1381 capita-

313 1409 403 1440 neo
421 1409 522 1448 SUO,
547 1393 757 1456 Philippo
784 1393 842 1440 de
862 1394 1124 1441 Arthevella
1147 1394 1445 1451 obsederant,
1470 1410 1574 1442 cum
1596 1394 1715 1441 villis

314 1475 361 1516 et
383 1470 546 1517 castris
566 1469 624 1517 de
645 1470 858 1518 Flandria
883 1487 974 1533 que
994 1470 1329 1519 claudebantur
1353 1476 1515 1518 contra
1534 1488 1632 1529 eos,
1655 1471 1714 1518 ad

315 1562 477 1593 eorum
504 1546 790 1593 voluntatem
815 1546 1125 1609 aperirentur.

379 1621 492 1679 Quia
533 1621 674 1685 igitur
710 1622 934 1686 Flamingi
977 1622 1194 1669 nolebant
1229 1628 1427 1670 tractare
1464 1639 1569 1670 cum
1605 1638 1716 1686 rege

315 1697 507 1745 Francie
540 1703 586 1744 et
619 1697 788 1744 comite
827 1714 911 1743 suo
943 1702 990 1743 et
1027 1698 1171 1744 eciam
1209 1698 1403 1745 federati
1440 1703 1572 1745 erant
1609 1714 1715 1745 cum

316 1773 560 1837 Anglicis4,
584 1773 710 1821 idem
731 1790 813 1820 rex
839 1773 979 1837 elegit
1002 1790 1104 1821 esse
1127 1780 1266 1837 caput
1292 1774 1500 1838 ejusdem
1519 1791 1713 1839 guerre3

316 1857 361 1897 et
377 1850 482 1897 licet
501 1850 673 1897 multos
693 1850 871 1916 nobiles
893 1866 1051 1898 secum
1069 1849 1278 1907 haberet,
1303 1858 1457 1899 tamen
1476 1850 1570 1898 duo
1590 1856 1719 1914 post-

316 1926 510 1973 modum
553 1926 660 1972 fecit
694 1925 927 1983 mandata,
966 1942 1112 1973 unum
1146 1933 1254 1989 post
1295 1926 1436 1984 aliud,
1475 1932 1525 1974 ut
1556 1942 1718 1974 omnes

366 2082 398 2116 1.
424 2081 554 2116 Pierre
575 2079 743 2127 Aycelin
763 2081 808 2117 de
830 2082 1030 2128 Montagu.

365 2140 400 2175 2.
424 2139 499 2175 Sur
518 2139 681 2175 Arnaud
705 2139 749 2175 de
777 2139 926 2184 Corbie,
948 2151 1033 2186 voy.
1057 2142 1087 2175 le
1113 2140 1228 2185 Sonye
1257 2141 1441 2181 veritable,
1464 2141 1650 2176 Me'moires
1678 2141 1719 2175 de

320 2201 356 2234 la
375 2198 508 2234 Socie'tc
529 2200 570 2233 de
590 2200 774 2234 l’Histoz're
795 2200 835 2234 de
855 2201 974 2241 Paris,
997 2204 1024 2234 t.
1047 2199 1179 2243 XVII,
1200 2211 1235 2245 p.
1260 2199 1339 2235 335.

367 2257 399 2292 3.
422 2255 513 2292 ΑΗΚ
533 2257 632 2292 deux
659 2258 845 2303 premiers
866 2257 910 2294 de
932 2268 996 2294 ces
1018 2268 1142 2303 noms,
1165 2258 1201 2293 la
1221 2260 1344 2293 Partie
1370 2258 1505 2293 ine'clite
1529 2260 1588 2294 des
1612 2260 1720 2295 chro-

319 2319 446 2361 mques
472 2317 513 2351 de
541 2315 776 2351 Saint—Dem's
806 2321 854 2362 lp.
883 2316 915 2361 9)
945 2317 1070 2363 aJ'oute
1098 2317 1198 2352 celui
1227 2316 1515 2363 d'Enguerrand
1541 2317 1717 2353 d'Eudin.

320 2374 511 2410 Froissart
544 2374 618 2419 (ed.
652 2375 813 2421 Kervyn
842 2374 886 2410 de
916 2375 1176 2420 Lettenhove,
1207 2380 1231 2410 t.
1265 2375 1323 2419 X,
1354 2386 1390 2421 p.
1421 2375 1482 2420 90)
1514 2385 1563 2410 en
1593 2375 1719 2412 donne

320 2432 499 2468 d'autres.
524 2432 689 2468 Suivant
710 2432 793 2468 leur
813 2433 925 2468 lettre
945 2433 967 2468 a
989 2432 1210 2479 Artevelde,
1226 2433 1317 2480 qu'il
1332 2444 1354 2469 a
1375 2433 1520 2479 copiee,
1538 2433 1592 2469 les
1614 2444 1721 2470 com-

320 2490 516 2526 missaires
543 2490 686 2526 etaient
712 2490 734 2525 a
762 2491 933 2526 Tournai
964 2491 997 2527 le
1029 2492 1071 2527 16
1100 2492 1268 2528 octobre.
1297 2493 1352 2528 La
1378 2493 1540 2539 reponse
1568 2491 1719 2528 d’Arte-

320 2550 442 2594 welde,
464 2549 574 2585 datee
594 2549 643 2585 du
665 2550 708 2585 ‘20
730 2550 899 2595 octobre,
921 2555 977 2585 est
997 2555 1242 2586 exactement
1264 2551 1444 2598 analysee
1464 2551 1529 2587 ici.

369 2609 402 2644 4.
428 2608 619 2644 Froissart
643 2608 710 2655 (ed.
729 2609 886 2655 Kervyn
908 2609 953 2645 de
975 2609 1227 2655 Lettenhove‚
1243 2615 1269 2645 t.
1287 2610 1391 2656 X,p.
1409 2610 1463 2653 72)
1486 2619 1534 2644 ne
1555 2609 1720 2645 cherche

321 2678 388 2714 pas
417 2667 438 2702 a.
464 2667 642 2713 deguiser
668 2667 722 2703 les
751 2668 979 2703 sentiments
1010 2668 1158 2714 anglais
1185 2668 1229 2703 de
1257 2668 1432 2715 philippe
1461 2666 1719 2712 d’Artevelde,

322 2726 387 2774 qui
409 2737 449 2762 se
469 2727 561 2762 bata
580 2725 789 2774 d’envoyer
810 2738 883 2763 une
904 2727 1130 2764 ambassade
1151 2739 1199 2764 en
1219 2726 1451 2775 Angleterre
1475 2729 1595 2774 (Ibat,
1617 2739 1652 2775 p.
1675 2728 1717 2764 74

324 2783 346 2817 ἡ
366 2784 436 2828 82).
