1941 3294
194 283 297 330 1396]
467 286 837 319 CHRONOGRAPHIA
861 286 1015 319 REGUM
1041 285 1321 319 FRANGORUM.
1526 283 1589 320 131

191 366 251 414 de
276 365 511 422 Stabula1‚
537 366 616 413 ubi
639 372 772 413 erant
784 367 968 414 circiter
986 366 1105 430 ijtem
1124 365 1248 413 milia
1269 365 1356 413 viri
1375 365 1593 413 Frisones

191 442 272 505 qui
311 459 393 489 eos
435 441 743 504 expectabant
785 442 843 489 ad
888 441 1199 505 preliandum.
1243 440 1436 497 Deinde,
1478 441 1593 488 inito

191 518 329 574 bello,
360 518 468 565 victi
491 517 678 565 fuerunt
700 518 916 566 Frisones
935 523 982 565 et
1007 534 1065 566 ex
1085 518 1152 565 eis
1173 517 1312 565 occisi
1334 523 1441 565 sunt
1460 517 1592 581 quasi

189 593 279 640 tria
319 594 444 641 milia
480 611 490 640 ε
529 593 594 640 ibi
628 593 752 640 enim
787 593 951 641 melius
986 610 1036 641 se
1066 593 1331 641 habuerunt
1362 593 1517 641 Gallici
1549 599 1596 640 et

188 670 522 717 Hanonienses.
559 673 659 728 Quo
693 669 832 726 facto,
866 670 963 718 dux
988 670 1207 719 Albertus
1237 670 1345 718 fecit
1379 686 1429 718 56
1460 686 1596 717 coro-

188 747 289 793 nari
313 747 359 793 in
386 762 548 811 regem
565 746 710 794 Frisie
733 746 778 793 in
804 764 888 794 suo
911 747 1130 795 tentorio.

253 826 417 870 Postea
442 839 574 880 vero,
605 828 843 870 contracta
862 823 927 870 ibi
949 840 1082 871 mora
1107 840 1201 871 non
1220 823 1477 871 multorum
1496 823 1594 870 die-

188 915 294 946 rum
319 899 611 963 expectando
637 900 938 948 concordiam
962 901 1137 948 habere
1163 917 1271 948 cum
1291 900 1582 957 Frisonibus,

187 974 419 1023 mediante
450 976 672 1040 episcopo
697 976 977 1040 Trajectensi
1003 977 1082 1040 qui
1109 977 1462 1039 colloquebatur
1487 993 1595 1024 cum

187 1051 459 1099 Frisonibus
492 1052 613 1100 illius
651 1053 817 1116 patrie,
855 1053 950 1100 suis
984 1053 1321 1116 parrochianis,
1357 1054 1453 1101 dux
1488 1069 1596 1101 cum

188 1127 283 1176 suis
315 1129 598 1177 Holandistis
632 1130 866 1193 insperate
905 1130 1141 1177 recessit2.
1177 1129 1309 1178 Unde
1340 1146 1499 1178 comes
1536 1130 1595 1177 de

187 1205 488 1263 Ostrevanto,
532 1206 653 1254 filius
694 1207 816 1271 eJ'US,
854 1223 961 1254 cum
1000 1207 1095 1254 suis
1135 1206 1508 1255 Hanoniensibus
1550 1213 1597 1255 et

188 1281 385 1338 Gallicis,
422 1282 500 1345 qui
535 1298 642 1329 cum
671 1299 727 1329 eo
753 1289 903 1338 erant,
931 1282 1037 1328 irati
1064 1288 1171 1330 sunt
1205 1282 1358 1339 valde,
1387 1284 1495 1347 quia
1530 1284 1596 1332 sic

185 1373 266 1404 eos
286 1359 568 1421 opportebat
588 1359 828 1406 recedere.
857 1361 1021 1406 Postea
1041 1375 1157 1405 vero
1183 1375 1273 1406 una
1293 1360 1412 1414 vice,
1437 1377 1595 1408 comes

186 1433 244 1481 de
256 1436 535 1482 Ostrevanto
548 1435 888 1500 primogenitus
899 1435 1233 1498 prememorati
1250 1435 1379 1483 ducis
1395 1437 1591 1494 Alberti‚

185 1527 293 1559 curn
312 1511 520 1559 exercitu
546 1512 683 1559 rediit
703 1511 749 1558 in
771 1512 993 1567 Frisiam3
1019 1511 1103 1559 sed
1129 1511 1269 1558 nichil
1292 1511 1467 1560 ibidem
1489 1514 1596 1561 fecit

186 1587 273 1635 nisi
299 1588 625 1636 tantummodo
647 1595 831 1636 vastare
859 1588 1119 1652 predictam
1147 1588 1206 1636 de
1233 1589 1422 1637 Stabula
1450 1589 1594 1638 abba-

186 1663 304 1712 ciam
329 1671 376 1711 et
401 1665 600 1727 patriam
627 1665 1023 1713 circumstantem.

249 1741 429 1788 Eodem
468 1743 638 1798 annoss,
686 1742 860 1789 scilicet
898 1742 950 1789 M⁰
965 1741 1071 1791 (166,ο
1102 1743 1406 1807 nonagesimo
1440 1750 1590 1798 sexto,

184 1818 360 1865 mensis
385 1818 591 1865 octobris
612 1817 687 1865 die
712 1818 874 1874 tercia,
904 1818 1157 1874 Elizabeth,
1188 1819 1279 1866 filia
1305 1819 1430 1884 regis
1450 1823 1594 1868 Fran-

184 1894 270 1949 cie,
299 1895 525 1942 associata
551 1894 611 1942 de
637 1894 799 1959 regina
829 1895 977 1943 Sicilie
1004 1902 1050 1943 et
1080 1895 1292 1958 pluribus
1318 1896 1418 1944 aliis
1445 1896 1595 1944 domi-

184 1971 333 2018 nabus
369 1977 415 2018 et
447 1971 650 2019 dominis
688 1971 746 2019 de
779 1972 988 2035 hospicio
1022 1973 1176 2020 Sancti
1212 1973 1336 2020 Pauli
1370 1974 1588 2031 Parisius,

184 2047 268 2094 ivit
308 2048 367 2095 ad
408 2048 647 2095 ecclesiam
682 2048 997 2096 cathedralem
1035 2052 1174 2097 Beate
1205 2049 1346 2096 Marie
1382 2050 1592 2114 ejusdem

184 2124 332 2180 urbis,
362 2142 499 2172 causa
525 2125 753 2172 oracionis
786 2144 794 2172 :
826 2125 1028 2173 debebat
1061 2126 1187 2173 enim
1213 2126 1517 2175 transfretare
1546 2128 1594 2175 in

184 2201 396 2265 Angliam
421 2201 480 2248 ad
505 2218 667 2265 regem
694 2202 857 2266 Anglie
884 2219 1021 2250 suum
1049 2203 1285 2251 maritum.
1323 2204 1462 2268 Cujus
1490 2221 1595 2252 ora-

186 2277 318 2325 cione
344 2278 591 2342 completa,
621 2279 830 2342 perrexit
856 2280 915 2327 ad
941 2279 1188 2343 palacium,
1219 2280 1298 2328 ubi
1329 2297 1436 2328 cum
1462 2297 1591 2346 rege,

184 2360 318 2416 patre
344 2369 445 2410 suo,
471 2370 640 2417 pransa
667 2361 756 2402 est.

184 2483 371 2528 Kuinder,
405 2489 489 2531 port
515 2483 560 2520 de
592 2495 675 2520 mer
705 2484 805 2521 sitne
833 2485 855 2521 a
885 2485 1174 2523 l'embouchure
1203 2486 1253 2522 du
1283 2487 1453 2534 Tj0nger
1478 2493 1516 2524 et
1549 2487 1594 2524 de

184 2542 221 2578 la
241 2542 376 2578 Linde.

232 2603 265 2638 1.
290 2602 390 2638 Sans
410 2601 523 2638 doute
547 2602 749 2639 Stavoren.

231 2660 267 2696 2.
291 2659 367 2696 Sur
386 2661 420 2697 le
440 2660 571 2708 depart
599 2661 649 2697 du
680 2661 753 2699 duc
773 2661 938 2710 Aubert,
961 2664 1008 2701 cf.
1040 2664 1231 2701 Froissart
1259 2664 1330 2710 (ed.
1359 2664 1519 2712 Kervyn
1547 2665 1592 2701 de

186 2716 437 2764 Lettenhove,
458 2724 487 2754 t.
511 2718 603 2765 XV,
624 2730 660 2765 p.
684 2719 782 2765 296).

234 2775 268 2813 3.
291 2776 347 2812 Cf.
373 2778 580 2823 chronique
600 2779 650 2813 du
671 2779 857 2824 Reliyieucc
875 2781 916 2815 de
936 2780 1197 2826 Saint-Denys‚
1223 2787 1249 2817 t.
1274 2781 1325 2827 Π,
1347 2792 1381 2828 p.
1406 2781 1488 2818 450.
