1941 3294
374 355 418 391 52
644 356 1013 390 CHRONOGRAPHIA
1038 355 1191 388 REGUM
1212 354 1489 387 FRANCORUM.
1658 350 1763 397 [1383

435 437 517 485 Die
541 436 758 484 mercurii
784 434 1011 498 sequenti,
1040 450 1125 480 rex
1149 450 1256 481 cum
1279 433 1475 482 ducibus
1499 433 1764 496 Burgundie

371 518 417 560 et
440 512 659 561 Borbonii
683 511 742 559 de
765 526 957 558 nemore
981 509 1254 557 Vicenarum
1285 509 1396 556 abiit
1428 511 1679 557 Carnotum
1712 524 1765 555 ac

368 588 477 636 inde
501 586 805 636 Aurelianis1.

431 673 547 717 Item
567 669 760 717 sabbato
781 666 1037 730 sequenti2‚
1061 666 1290 728 publicata
1315 672 1386 714 est
1406 683 1498 714 una
1522 665 1765 729 imposicio

367 745 427 793 ad
459 746 706 809 proficiam
739 743 941 791 Parisius
976 758 1119 804 supra
1154 743 1408 805 quamlibet
1442 742 1637 789 caudam
1670 741 1765 789 vini

365 821 604 869 venditam
627 821 674 867 in
696 835 881 884 grOSSO,
906 817 964 864 de
987 834 1081 881 quo
1106 818 1329 882 capienda
1353 824 1454 866 erat
1478 818 1631 866 media
1655 835 1765 881 pars

365 896 598 945 venditori
623 903 669 942 et
693 895 873 956 reliqua
902 893 1121 956 emptori,
1150 900 1351 956 quatuor
1376 893 1633 941 solidorum
1657 909 1767 941 nec-

367 990 459 1020 non
484 972 687 1019 duorum
719 969 976 1017 solidorum
1007 985 1148 1032 supra
1179 969 1433 1032 quamlibet
1456 969 1651 1017 caudam
1681 985 1767 1033 per

365 1064 608 1097 mensuras
637 1046 893 1100 venditam,
925 1045 1052 1108 quod
1077 1045 1267 1108 quidem
1299 1046 1576 1109 capiendum
1610 1051 1710 1093 erat
1740 1063 1767 1093 a

364 1125 624 1173 venditore.
662 1127 758 1172 Hec
793 1122 1036 1186 imposicio
1080 1121 1281 1169 debebat
1321 1122 1491 1170 durare
1524 1138 1674 1185 usque
1707 1122 1767 1169 ad

365 1201 536 1248 festum
565 1201 720 1248 Sancti
749 1200 950 1247 Mikaelis
983 1206 1029 1246 et
1063 1216 1121 1246 ex
1145 1206 1256 1246 tunc
1285 1216 1369 1263 per
1402 1216 1547 1247 unum
1572 1215 1763 1254 annum,

364 1276 659 1340 debebatque
673 1275 883 1324 converti
899 1281 945 1323 et
967 1275 1138 1338 exponi
1155 1292 1243 1338 pro
1262 1275 1635 1338 reparationibus
1655 1274 1768 1322 civi-

363 1355 487 1408 tatis,
521 1370 701 1401 necnon
733 1353 876 1416 recipi
907 1369 994 1416 per
1025 1358 1207 1399 certum
1237 1370 1263 1399 a
1296 1352 1540 1416 preposito
1565 1351 1767 1400 Parisius

364 1430 683 1478 commissum.
713 1430 859 1493 Hujus
880 1432 1016 1476 causa
1041 1428 1318 1476 tabernariis
1343 1429 1544 1476 Par-isius
1565 1428 1673 1475 data
1697 1434 1768 1475 est

363 1507 553 1554 licencia
588 1506 768 1570 pintam
800 1505 896 1552 vini
931 1505 1065 1552 rubei
1096 1504 1301 1552 melioris
1328 1504 1389 1568 xij
1425 1504 1642 1552 denarios
1666 1509 1768 1551 tan-

363 1589 463 1630 tum
488 1582 563 1628 vel
588 1582 724 1638 infra,
755 1587 800 1627 et
821 1581 916 1627 vini
946 1580 1037 1627 albi
1069 1579 1273 1627 melioris
1304 1579 1413 1644 viij²⁰
1445 1579 1687 1636 denarios,
1721 1584 1768 1626 et

363 1659 608 1706 cervisiam
634 1657 753 1705 duos
779 1657 996 1704 denarios
1021 1656 1255 1704 vendendi
1280 1655 1622 1703 tantummodo.

428 1740 629 1787 Sabbato
655 1739 789 1800 xxii?
814 1738 890 1786 die
921 1738 1031 1785 maii
1061 1737 1168 1784 anni
1192 1737 1237 1784 Mi
1253 1737 1352 1785 CCCi
1376 1736 1648 1801 octogesimi
1673 1741 1768 1784 ter-

362 1816 436 1873 cii,
464 1814 736 1862 transmisse
767 1820 875 1861 sunt
900 1813 1052 1860 littere
1079 1812 1139 1860 ad
1167 1829 1327 1877 regem
1355 1812 1592 1869 Francie3,
1621 1811 1769 1858 conti-

364 1965 417 2001 Le
437 1966 457 2001 4
479 1965 590 2010 avril,
611 1964 645 2000 le
673 1964 747 2000 duc
776 1963 822 1999 de
848 1963 1079 2010 Bourgogne
1109 1963 1202 1999 etait
1222 1965 1245 1998 a
1264 1962 1376 1998 Paris
1405 1973 1498 1999 avec
1519 1962 1554 2000 16
1574 1963 1631 1999 roi
1640 1974 1650 2006 ;
1672 1961 1723 1998 du
1748 1964 1768 1999 5

365 2037 411 2061 au
431 2026 521 2071 7,1e
551 2025 607 2060 roi
636 2024 692 2059 fut
717 2025 738 2059 a
758 2024 985 2060 Vincennes
1015 2024 1070 2068 (E.
1094 2023 1211 2069 Petit,
1231 2026 1446 2059 Itineraires
1474 2025 1516 2058 de
1543 2024 1710 2068 Philippa
1738 2025 1769 2058 le

364 2086 483 2120 Hard'i
502 2088 533 2119 et
552 2085 593 2119 de
611 2085 704 2119 Jean
723 2083 951 2127 Sans-Peur,
972 2084 1059 2118 duos
1079 2083 1120 2118 de
1138 2083 1363 2127 Bourqoqne,
1382 2092 1421 2128 p.
1446 2082 1527 2128 155,
1556 2086 1595 2118 et
1620 2081 1769 2126 Sejours

364 2145 406 2178 de
427 2144 576 2179 Charta
604 2143 654 2186 Π,
677 2152 712 2188 p.
741 2142 808 2186 17).

413 2208 445 2243 1.
468 2206 570 2243 C'est
589 2206 678 2242 bien
692 2216 741 2241 611
754 2205 844 2241 effet
858 2205 893 2242 16
906 2205 1093 2242 mercredi
1108 2205 1128 2241 8
1143 2205 1240 2241 avril
1260 2216 1332 2252 que
1353 2205 1389 2241 16
1409 2205 1466 2241 roi
1485 2204 1601 2251 partit.
1614 2203 1661 2240 de
1673 2203 1766 2239 Vin-

365 2275 509 2300 cennes
536 2274 633 2311 pour
661 2262 856 2307 Chartres,
879 2265 927 2298 ou
948 2263 975 2298 il
995 2263 1124 2298 arriva
1138 2262 1173 2298 16
1198 2263 1253 2308 10,
1276 2269 1313 2298 61
1331 2273 1428 2309 pour
1448 2261 1625 2307 Orleans,
1646 2263 1695 2297 ou
1717 2271 1768 2297 on

365 2324 399 2360 16
419 2330 555 2360 trouve
578 2323 613 2358 16
637 2323 678 2359 16
698 2321 795 2358 avril
817 2322 905 2358 1383
928 2322 985 2367 (E.
1009 2322 1125 2366 Petit,
1153 2322 1302 2367 Sejours
1322 2323 1363 2357 de
1385 2322 1534 2357 Charles
1561 2323 1613 2364 VI,
1635 2332 1672 2368 p.
1696 2321 1766 2366 17).

365 2383 426 2420 On
447 2389 634 2428 constate,
649 2382 671 2416 a
685 2382 723 2417 la
735 2381 822 2417 date
837 2381 886 2416 du
900 2380 944 2417 26
959 2380 1052 2416 fevr.
1073 2380 1161 2417 1383
1179 2387 1231 2422 (11.
1251 2384 1328 2426 51.),
1345 2380 1382 2416 la
1403 2386 1518 2417 tenue
1537 2380 1572 2416 d’
1589 2394 1606 2415 α
1622 2390 1769 2416 assem-

368 2455 383 2476 ‹
406 2442 511 2477 blees
531 2441 643 2477 faites
665 2440 686 2475 a
705 2439 886 2476 Chartres
917 2445 955 2475 et
984 2439 1141 2475 ailleurs
1170 2451 1239 2486 par
1265 2440 1321 2476 les
1349 2451 1443 2487 gens
1469 2440 1519 2475 du
1544 2450 1615 2487 roy
1636 2445 1768 2476 nostre

370 2515 384 2533 a
408 2501 483 2537 sire
500 2514 514 2534 ι
540 2499 653 2544 (Bibl.
675 2504 772 2543 nat„
793 2497 953 2534 Cahinet
971 2498 1037 2535 des
1059 2499 1181 2546 111165,
1197 2499 1332 2536 Pieces
1350 2498 1573 2545 originales,
1591 2498 1663 2534 vol.
1684 2498 1763 2541 144,

367 2559 513 2595 dossier
533 2558 637 2600 2835,
660 2558 767 2605 piece
790 2558 837 2601 ΞΖ).

415 2623 450 2659 Q.
471 2620 721 2659 C'est-a-dire
742 2621 775 2657 16
796 2620 942 2657 samcdi
965 2621 1003 2657 11
1027 2621 1123 2657 avril
1146 2621 1248 2658 1383.

415 2688 448 2724 3.
469 2687 570 2723 Jean
590 2687 644 2723 Le
662 2686 785 2722 Fevre
804 2685 938 2722 n’eztait
957 2696 1025 2732 pas
1044 2685 1066 2721 a
1088 2686 1124 2721 la
1143 2697 1235 2722 cour
1255 2686 1277 2721 a
1298 2690 1398 2723 66116
1417 2685 1520 2731 date,
1533 2690 1571 2721 61
1589 2683 1640 2720 (111
1653 2683 1675 2720 6
1689 2683 1768 2720 mai

371 2757 418 2783 au
443 2746 482 2782 16
504 2745 657 2782 octobre
678 2755 748 2782 son
764 2745 919 2792 Journal
938 2751 997 2781 est
1017 2744 1260 2782 absolument
1279 2750 1398 2782 muet.
1421 2745 1475 2781 Le
1496 2744 1539 2781 16
1559 2743 1726 2791 octobre,
1741 2742 1768 2778 il
