1941 3294
367 332 432 369 160
635 335 1003 368 GHRONOGRAPHIA
1027 333 1180 366 REGUM
1203 335 1482 367 FRANCORUM.
1651 330 1756 377 [1398

365 412 445 475 qui
470 428 576 459 curn
604 428 660 458 eo
685 419 833 469 erant,
862 411 959 458 sine
990 410 1076 456 alia
1101 411 1397 473 expeditione
1427 412 1605 458 reversi
1630 417 1754 459 sunt.

428 497 630 541 Durante
658 494 808 541 adhuc
839 494 996 540 furore
1028 492 1312 540 infractionis
1348 499 1635 556 treugarum,
1672 493 1759 540 du-

364 570 482 617 centi
524 570 734 617 homines
776 585 1016 616 armorum
1059 567 1350 615 intraverunt
1387 584 1473 631 per
1508 568 1760 631 quemdam

365 652 570 693 meatum
605 662 698 707 quo
731 644 852 691 feces
887 644 975 690 alte
1007 644 1203 705 coquine
1238 648 1360 707 Pape
1392 644 1554 707 palacii
1586 643 1761 691 deflue-

363 722 475 769 bant
508 722 551 768 in
592 720 844 783 quamdam
877 720 1154 775 clausuram,
1192 720 1269 767 ubi
1307 726 1407 768 erat
1436 735 1604 783 magna
1639 720 1761 767 scala

362 799 539 846 directa
564 803 723 845 contra
743 812 903 843 muros
929 795 1108 859 palacii,
1132 802 1184 843 ut
1209 813 1293 859 per
1313 813 1415 843 earn
1435 796 1634 843 assultus
1655 813 1762 859 pre-

362 875 526 923 berent
556 874 642 921 illis
674 873 733 920 de
764 872 966 935 palacio;
1004 873 1363 937 ordinatumque
1402 879 1502 920 erat
1540 879 1590 920 ut
1630 873 1760 920 multi

361 950 570 998 homines
611 964 852 995 armorum
889 948 1199 996 accenderent
1238 949 1354 997 duas
1396 955 1558 1012 portas
1596 949 1759 1013 palacii

361 1029 561 1088 majores
585 1042 638 1072 ac
664 1030 989 1072 succurrerent
1011 1024 1098 1071 illis
1124 1025 1203 1088 qui
1224 1042 1310 1088 per
1335 1025 1584 1089 coquinam
1608 1025 1762 1089 impu-

361 1103 547 1167 gnaturi
572 1107 705 1148 erant
730 1101 831 1147 illos
858 1100 916 1148 de
942 1100 1119 1163 palacio
1138 1101 1171 1148 1.

427 1189 573 1232 Porro
599 1184 709 1232 dicti
738 1183 951 1230 homines
977 1199 1218 1230 armorum
1246 1183 1485 1230 ferventer
1510 1184 1764 1231 ascenden-

361 1268 431 1308 tes
460 1276 602 1323 supra
633 1260 803 1307 scalam
831 1266 1059 1322 ruperunt
1092 1275 1195 1306 eam
1220 1259 1412 1306 inferius
1442 1277 1451 1305 :
1482 1260 1605 1306 unde
1631 1259 1764 1306 multi

362 1354 421 1385 ex
447 1337 512 1384 eis
538 1336 823 1384 ceciderunt.
847 1335 1178 1382 Nichilominus
1198 1341 1243 1382 12a
1268 1335 1480 1382 homines
1499 1335 1579 1397 qui
1600 1341 1765 1398 poten-

363 1421 434 1461 ter
473 1413 768 1460 debellabant
805 1412 906 1459 illos
948 1412 1005 1458 de
1047 1411 1248 1475 palacio,
1294 1411 1605 1474 percipientes
1646 1412 1765 1459 scale

363 1491 615 1537 fracturam
654 1496 700 1536 et
734 1488 860 1552 quod
898 1487 1009 1535 nulli
1048 1504 1206 1535 secum
1244 1487 1497 1534 ascendere
1534 1488 1761 1544 valerent,

361 1572 604 1629 sperantes
631 1565 689 1612 de
715 1580 938 1612 succursu
970 1570 1232 1626 portarum,
1263 1570 1313 1610 ut
1339 1563 1516 1610 dictum
1541 1569 1627 1621 est,
1659 1563 1765 1610 des-

361 1643 619 1689 cenderunt
643 1640 874 1688 unasimul
904 1639 962 1686 de
994 1639 1158 1702 plateis
1183 1639 1286 1686 altis
1315 1639 1477 1702 palacii
1507 1640 1554 1686 in
1588 1639 1766 1687 curiam

362 1719 647 1774 inferiorem,
691 1716 769 1764 ubi
810 1716 908 1763 sine
947 1731 1077 1762 mora
1115 1714 1296 1762 obsessi
1336 1721 1445 1762 sunt
1484 1715 1542 1762 ab
1579 1715 1667 1763 illis
1707 1715 1766 1764 de

363 1794 539 1858 palacio
577 1793 657 1856 qui
694 1792 897 1856 evigilati
930 1791 1114 1838 fuerant
1151 1807 1210 1838 ex
1243 1791 1428 1854 fragore
1466 1791 1587 1839 dicte
1623 1791 1762 1849 scale,

363 1870 429 1917 sic
467 1868 594 1932 quod
628 1867 828 1915 ordinati
867 1867 924 1914 ad
964 1873 1125 1930 portas
1165 1866 1553 1924 comburendum,
1589 1867 1766 1914 nullum

363 1946 534 1993 habere
559 1960 797 1992 accessum
817 1949 1085 2006 potuerunt.
1112 1946 1174 1990 Ea
1202 1948 1397 2006 propter
1421 1942 1532 1991 dicti
1557 1943 1767 1991 homines

362 2037 603 2069 armorum
640 2020 698 2068 de
732 2019 860 2067 curia
899 2019 1052 2074 bassa,
1088 2026 1138 2066 ut
1172 2019 1317 2066 vitam
1349 2035 1480 2066 suam
1513 2019 1762 2076 salvarent,

362 2097 558 2161 ingressi
586 2102 693 2143 sunt
727 2111 948 2159 inagnum
974 2094 1203 2158 palacium
1229 2094 1470 2142 audiencie
1497 2111 1762 2153 causarum,

412 2269 445 2304 1.
468 2268 512 2304 26
533 2266 687 2304 octobre
709 2266 812 2303 1398.
835 2286 882 2292 —
902 2266 954 2302 Le
974 2270 1079 2302 texte
1104 2265 1232 2312 public
1263 2276 1331 2312 par
1356 2265 1502 2302 Baluze
1523 2266 1626 2312 (Vitae
1644 2267 1766 2312 Papa-

366 2339 450 2363 rum
471 2327 793 2367 Aventonensztcm,
818 2330 846 2360 t.
869 2324 919 2369 ΙΙ,
945 2324 1016 2360 col.
1041 2324 1141 2368 1125)
1165 2324 1218 2360 dit
1239 2335 1311 2371 que
1338 2325 1373 2360 le
1402 2324 1539 2361 maitre
1566 2325 1633 2360 des
1661 2331 1767 2372 ports

366 2392 403 2422 et
427 2399 442 2418 «
465 2384 654 2421 Ricardus
681 2384 808 2426 miles,
836 2383 963 2419 socius
990 2382 1224 2428 Bussicaldi,
1253 2388 1290 2418 et
1320 2383 1385 2418 alii
1412 2383 1488 2419 fere
1516 2395 1563 2419 Lx
1590 2384 1767 2420 homines

369 2454 602 2479 «armorum
625 2456 640 2477 ι)
679 2442 809 2478 furent
840 2442 929 2477 faits
962 2442 1211 2488 prisonniers.
1245 2441 1296 2477 Le
1329 2443 1488 2478 Journal
1520 2444 1561 2478 de
1587 2444 1769 2478 Bertrand

366 2506 507 2548 Boysset
536 2507 694 2538 raconte
723 2508 784 2537 cet
814 2500 967 2547 episode
1000 2511 1049 2536 en
1084 2511 1147 2536 ces
1177 2507 1319 2537 termes
1344 2514 1351 2536 :
1387 2514 1401 2534 α
1425 2501 1522 2537 Item
1551 2501 1767 2538 l‘endeman

369 2574 383 2595 α
408 2561 561 2607 signent
590 2561 714 2606 (apres
745 2559 781 2594 la
811 2565 967 2604 capture
997 2558 1063 2594 des
1095 2558 1307 2594 cardinaux
1334 2558 1378 2593 de
1407 2558 1645 2605 Pampelune
1665 2559 1768 2595 etde

371 2634 386 2653 «
410 2618 704 2664 Saint-Adrien)
726 2628 773 2652 XL
793 2617 874 2652 dels
894 2617 1034 2652 millios
1056 2618 1188 2652 homes
1219 2628 1238 2652 e
1264 2618 1350 2664 plus
1371 2617 1543 2653 notables
1564 2629 1638 2664 que
1659 2617 1769 2654 fosan

373 2692 389 2712 (ι
411 2678 456 2714 ad
478 2688 621 2725 guages
642 2676 703 2712 del
723 2676 854 2723 colege
874 2687 894 2711 e
915 2675 960 2711 de
978 2676 1013 2711 la
1034 2676 1176 2711 sieutat
1196 2677 1227 2711 si
1248 2687 1383 2712 meron
1404 2687 1426 2712 a
1446 2676 1572 2711 minar
1592 2677 1627 2712 lo
1648 2676 1768 2723 palais

373 2750 387 2770 α
412 2743 450 2773 et
470 2747 749 2773 acomenseron
770 2735 806 2771 la
826 2735 932 2770 mina
961 2734 1107 2770 d’enfra
1135 2735 1170 2770 la
1198 2735 1317 2781 gleisa
1342 2734 1388 2770 de
1415 2734 1555 2771 Nostra
1584 2734 1697 2771 Dona
1722 2734 1767 2770 de

376 2810 390 2830 α
414 2796 547 2843 Doms,
636 2809 651 2829 »
676 2794 789 2842 (Bibl.
812 2800 909 2841 nat.‚
928 2793 1037 2830 fonds
1059 2794 1180 2842 franc.
1205 2794 1310 2840 5728,
1334 2793 1396 2830 fol.
1420 2793 1463 2829 30
1484 2796 1549 2840 νῦ).
