1941 3294
196 258 299 305 1382]
465 259 835 294 CHRONOGRAPHIA
861 259 1015 292 REGUM
1038 259 1063 291 F
1066 258 1318 291 RANCORUM.
1551 256 1594 292 21

192 340 388 388 Karolus
414 339 564 387 eidem
588 337 767 385 remisit
799 337 991 395 litteras,
1021 353 1219 400 quarum
1248 342 1385 384 tenor
1409 336 1598 401 dignos-

194 417 313 465 citur
337 433 439 464 esse
461 415 564 463 talis
594 432 604 461 ε

262 513 282 538 α
314 493 528 549 Karolus,
557 507 641 538 rex
671 491 958 540 Jherusalem
988 498 1034 538 et
1065 490 1230 547 Sicilie,
1261 490 1411 537 amico
1437 495 1599 537 nostro

198 590 219 615 α
250 570 407 618 comiti
447 568 690 617 Sabaudie.
735 571 944 633 Exurgat
977 569 1129 616 Deus¹
1164 574 1209 615 et
1243 567 1416 615 inimici
1451 567 1600 614 nostri

197 667 217 692 a
249 646 432 710 penitus
453 645 737 709 dissipentur
758 645 837 708 qui
862 645 1101 693 confidunt
1121 644 1178 691 de
1205 644 1417 707 potencia
1438 643 1600 707 pocius

195 743 216 768 α
248 739 388 787 quam
408 721 466 769 de
487 722 608 786 jure,
633 721 714 769 sed
741 722 898 769 furore
923 722 1127 769 maximo
1147 721 1244 785 jam
1270 721 1393 778 elati,
1416 726 1600 767 terrore

196 819 216 844 α
247 807 385 862 atque
421 798 558 845 minis
589 798 676 845 sibi
706 798 902 846 credunt
936 799 1048 846 alios
1083 797 1357 863 subjugare,
1392 797 1472 845 sed
1506 813 1597 844 non

195 896 215 921 (ι
247 876 380 924 feriet
405 891 700 939 quocumque
720 875 973 923 minabitur
991 892 1126 922 arcus
1143 891 1229 922 nec
1252 875 1390 939 lupus
1413 890 1602 937 semper

195 972 215 997 «ι
247 952 395 1016 rapiet
410 952 537 1015 quod
561 951 773 999 intendit.
791 952 939 999 Nolite
956 951 1097 1016 igitur
1113 951 1320 999 ventosis
1338 950 1497 999 verbis
1514 967 1600 999 nos

195 1048 215 1073 α
247 1035 443 1085 terrere,
473 1029 692 1091 quoniam
720 1044 813 1075 non
840 1045 1002 1076 sumus
1024 1028 1308 1075 harundines
1332 1033 1383 1075 ut
1409 1045 1434 1074 a
1460 1034 1601 1074 vento

196 1126 216 1151 α
248 1105 433 1152 modico
466 1105 713 1169 agitemur,
750 1121 834 1151 nec
860 1104 1038 1168 pruinis
1072 1104 1262 1159 similes,
1292 1110 1342 1151 ut
1371 1103 1600 1150 solaribus

195 1200 215 1226 α
247 1181 389 1228 radiis
430 1181 757 1229 dissolvamur.
800 1184 1015 1228 Preterea
1054 1180 1278 1228 noveritis
1316 1180 1442 1243 quod
1479 1179 1602 1244 regi-

195 1277 216 1302 «
246 1274 352 1304 nam
386 1257 497 1304 olim
529 1257 677 1305 Sicilie
709 1274 853 1320 penes
886 1273 971 1304 nos
998 1273 1105 1303 cum
1140 1256 1373 1303 nonnullis
1405 1257 1601 1320 captivis

194 1353 215 1378 <1
246 1334 496 1390 tenuimus,
520 1341 733 1381 tenemus
759 1340 805 1381 et
824 1333 1087 1381 tenebimus
1110 1339 1350 1396 tamquam
1376 1333 1475 1380 fore
1502 1350 1603 1381 cre-

194 1430 214 1455 «
246 1410 400 1458 dimus
435 1410 582 1457 nostri
614 1410 748 1474 juris.
778 1410 869 1458 Sed
903 1410 942 1457 si
968 1416 1192 1466 vestram,
1222 1417 1273 1458 ut
1304 1410 1598 1474 pretenditis,

195 1506 215 1531 α
246 1493 291 1534 et
323 1487 393 1534 sui
425 1487 572 1550 ipsius
602 1487 752 1534 velitis
785 1486 999 1551 injuriam
1033 1486 1288 1544 vindicare,
1324 1487 1387 1534 uti
1421 1487 1602 1535 viribus

195 1582 215 1607 α
245 1579 331 1610 nos
365 1569 567 1626 oportet,
598 1571 646 1610 ut
672 1563 768 1610 vim
806 1562 849 1609 vi
884 1562 1112 1625 repellere
1147 1563 1270 1620 licet,
1306 1579 1392 1610 nos
1425 1563 1597 1611 licebit.

195 1657 215 1683 α
245 1641 556 1702 Assurgemus
603 1639 751 1694 enim,
798 1637 963 1702 gladiis
1011 1654 1153 1701 super
1197 1638 1351 1686 femur
1395 1638 1602 1703 rugitum

194 1734 214 1760 οι
247 1714 461 1762 dabimus
487 1721 537 1761 ut
568 1714 725 1761 leones
752 1714 810 1761 ad
838 1714 1159 1778 pugnandum,
1189 1731 1274 1762 vos
1301 1731 1407 1763 cum
1433 1715 1603 1763 vestris

195 1811 216 1836 α
245 1791 576 1839 adherentibus
611 1791 839 1838 hostiliter
875 1791 1220 1855 impugnantes.
1261 1794 1354 1839 Nec
1391 1792 1603 1856 magnifi-

195 1887 214 1912 a
247 1868 403 1915 cencie
428 1867 749 1930 potenciisque
777 1868 942 1915 vestris
962 1867 1253 1931 aliorumque
1274 1868 1332 1915 de
1352 1874 1477 1916 secta
1499 1886 1603 1916 ves-

194 1963 215 1988 «
245 1950 317 1991 tra
343 1942 470 1990 dabit
497 1942 781 2006 adjutorium
813 1943 1164 1990 innumerabilis
1195 1944 1463 2001 multitudo,
1494 1945 1602 2007 quia

194 2039 215 2065 cx
247 2020 325 2067 ubi
360 2019 626 2075 multitudo,
656 2019 719 2066 ibi
755 2019 967 2067 confusio
993 2019 1135 2068 debet
1166 2021 1422 2086 assignari;
1459 2027 1505 2068 et
1537 2021 1602 2068 sic

195 2117 216 2142 α
246 2097 416 2145 dicitur
440 2096 694 2161 proverbio
721 2096 1019 2160 antiquorum
1051 2115 1061 2144 :

307 2216 328 2241 <x
360 2198 399 2244 A
424 2213 536 2243 cane
562 2213 652 2243 non
680 2213 850 2261 magno
878 2213 988 2260 sepe
1014 2203 1199 2244 tenetur
1225 2199 1383 2261 aper2.

195 2315 216 2340 <t
246 2300 302 2344 Et
321 2302 558 2343 crescente
584 2295 833 2343 fremencia
861 2302 1035 2352 vestra,
1062 2296 1208 2343 eciam
1236 2296 1456 2344 extendet
1479 2296 1602 2344 insa-

195 2393 215 2418 «
247 2373 322 2420 nia
349 2379 520 2429 vestra,
551 2372 676 2435 quod
708 2389 850 2437 grave
884 2373 1109 2437 gerimus,
1140 2389 1246 2420 cum
1282 2373 1408 2421 scitis
1441 2380 1601 2421 nostre

195 2468 214 2493 ιι
246 2448 498 2503 affinitatis,
529 2465 668 2511 quam
695 2449 952 2514 abnegatis,
983 2449 1118 2497 nobis
1144 2467 1229 2514 per
1255 2466 1340 2497 vos
1376 2467 1433 2497 ex
1466 2455 1600 2514 parte

239 2566 270 2601 1.
297 2565 464 2601 Psaume
485 2564 543 2610 67,
566 2565 600 2601 ⁶2.
619 2564 731 2602 Voici
752 2566 787 2602 le
808 2572 913 2602 texte
928 2572 1040 2603 exact
1061 2566 1110 2602 du
1131 2577 1293 2614 passage
1310 2566 1389 2603 vise
1409 2579 1416 2602 :
1443 2580 1456 2599 a
1475 2566 1600 2602 Exur-

194 2638 209 2658 ι
233 2630 297 2673 gat
318 2624 424 2660 Deus
447 2630 484 2660 et
504 2624 740 2671 dissipentur
761 2625 910 2663 inimici
932 2626 1028 2673 ejus.
1056 2640 1070 2659 »

238 2683 273 2719 2.
296 2683 431 2730 Ovide,
455 2684 620 2719 Remedia
648 2685 805 2728 Amoris,
829 2696 916 2721 vers
944 2685 1026 2722 422.
1047 2705 1093 2713 --
1113 2685 1146 2721 Il
1167 2697 1191 2732 y
1213 2697 1234 2721 a
1255 2689 1416 2721 terretur
1442 2696 1490 2721 au
1521 2685 1598 2723 lieu

193 2741 238 2778 de
260 2746 403 2778 tenetur
422 2742 520 2778 dans
542 2742 575 2778 le
596 2744 823 2780 manuscrit.
