<?xml version="1.0" encoding="UTF-8"?>
<!DOCTYPE html PUBLIC "-//W3C//DTD XHTML 1.0 Transitional//EN"
    "http://www.w3.org/TR/xhtml1/DTD/xhtml1-transitional.dtd">
<html xmlns="http://www.w3.org/1999/xhtml" xml:lang="en" lang="en">
 <head>
  <title>
</title>
<meta http-equiv="Content-Type" content="text/html;charset=utf-8" />
  <meta name='ocr-system' content='tesseract 3.04.00' />
  <meta name='ocr-capabilities' content='ocr_page ocr_carea ocr_par ocr_line ocrx_word'/>
</head>
<body>
  <div class='ocr_page' id='page_1' title='image "./chronographiareg03mora_0242.png"; bbox 0 0 1941 3294; ppageno 0'>
   <div class='ocr_carea' id='block_1_1' title="bbox 355 358 1748 404">
    <p class='ocr_par' dir='ltr' id='par_1_1' title="bbox 355 358 1748 404">
     <span class='ocr_line' id='line_1_1' title="bbox 355 358 1748 404; baseline -0.002 -7"><span class='ocrx_word' id='word_1_1' title='bbox 355 359 422 397; x_wconf 76' lang='grc'>180</span> <span class='ocrx_word' id='word_1_2' title='bbox 631 362 999 396; x_wconf 74' lang='lat' dir='ltr'>CHRONOGRAPHIA</span> <span class='ocrx_word' id='word_1_3' title='bbox 1026 361 1177 394; x_wconf 86' lang='lat' dir='ltr'><strong>REGUM</strong></span> <span class='ocrx_word' id='word_1_4' title='bbox 1202 362 1479 394; x_wconf 84' lang='lat' dir='ltr'>FRANCORUM.</span> <span class='ocrx_word' id='word_1_5' title='bbox 1643 358 1748 404; x_wconf 81' lang='lat'>[1400</span> 
     </span>
    </p>
   </div>
   <div class='ocr_carea' id='block_1_2' title="bbox 351 440 1756 1263">
    <p class='ocr_par' dir='ltr' id='par_1_2' title="bbox 351 440 1756 1263">
     <span class='ocr_line' id='line_1_2' title="bbox 419 440 1750 497; baseline -0.002 -8"><span class='ocrx_word' id='word_1_6' title='bbox 419 445 512 489; x_wconf 87' lang='lat' dir='ltr'>Hec</span> <span class='ocrx_word' id='word_1_7' title='bbox 552 441 766 497; x_wconf 89' lang='lat' dir='ltr'>dicendo,</span> <span class='ocrx_word' id='word_1_8' title='bbox 809 459 833 488; x_wconf 89' lang='lat' dir='ltr'>a</span> <span class='ocrx_word' id='word_1_9' title='bbox 865 456 1023 487; x_wconf 85' lang='lat' dir='ltr'>mensa</span> <span class='ocrx_word' id='word_1_10' title='bbox 1067 441 1309 488; x_wconf 83' lang='lat' dir='ltr'>confestim</span> <span class='ocrx_word' id='word_1_11' title='bbox 1350 440 1553 488; x_wconf 87' lang='lat' dir='ltr'>surrexit</span> <span class='ocrx_word' id='word_1_12' title='bbox 1592 447 1638 487; x_wconf 87' lang='lat' dir='ltr'>et</span> <span class='ocrx_word' id='word_1_13' title='bbox 1673 457 1750 487; x_wconf 88' lang='lat' dir='ltr'>eas</span> 
     </span>
     <span class='ocr_line' id='line_1_3' title="bbox 353 516 1747 580; baseline -0.001 -15"><span class='ocrx_word' id='word_1_14' title='bbox 353 519 515 565; x_wconf 89' lang='lat' dir='ltr'>detulit</span> <span class='ocrx_word' id='word_1_15' title='bbox 546 518 670 580; x_wconf 91' lang='lat' dir='ltr'>apud</span> <span class='ocrx_word' id='word_1_16' title='bbox 695 517 995 566; x_wconf 88' lang='lat' dir='ltr'>Windesores</span> <span class='ocrx_word' id='word_1_17' title='bbox 1031 516 1128 580; x_wconf 87' lang='lat' dir='ltr'>regi</span> <span class='ocrx_word' id='word_1_18' title='bbox 1165 518 1412 571; x_wconf 88' lang='lat' dir='ltr'>Henrrico,</span> <span class='ocrx_word' id='word_1_19' title='bbox 1450 516 1607 579; x_wconf 81' lang='lat' dir='ltr'><strong>nepoti</strong></span> <span class='ocrx_word' id='word_1_20' title='bbox 1638 533 1747 571; x_wconf 86' lang='lat' dir='ltr'>suo;</span> 
     </span>
     <span class='ocr_line' id='line_1_4' title="bbox 353 592 1752 658; baseline -0.003 -16"><span class='ocrx_word' id='word_1_21' title='bbox 353 595 435 642; x_wconf 93' lang='lat' dir='ltr'>sed</span> <span class='ocrx_word' id='word_1_22' title='bbox 463 595 582 642; x_wconf 88' lang='lat' dir='ltr'>filius</span> <span class='ocrx_word' id='word_1_23' title='bbox 614 595 711 658; x_wconf 89' lang='lat' dir='ltr'>ejus</span> <span class='ocrx_word' id='word_1_24' title='bbox 739 593 1013 657; x_wconf 77' lang='lat' dir='ltr'>preveniens</span> <span class='ocrx_word' id='word_1_25' title='bbox 1045 593 1102 638; x_wconf 92' lang='lat' dir='ltr'>ad</span> <span class='ocrx_word' id='word_1_26' title='bbox 1132 610 1289 657; x_wconf 86' lang='lat' dir='ltr'>regem</span> <span class='ocrx_word' id='word_1_27' title='bbox 1317 593 1609 648; x_wconf 86' lang='lat' dir='ltr'>Henrricum‚</span> <span class='ocrx_word' id='word_1_28' title='bbox 1645 592 1752 638; x_wconf 89' lang='lat' dir='ltr'>inti-</span> 
     </span>
     <span class='ocr_line' id='line_1_5' title="bbox 352 667 1752 732; baseline -0.002 -15"><span class='ocrx_word' id='word_1_29' title='bbox 352 671 497 717; x_wconf 85' lang='lat' dir='ltr'>mavit</span> <span class='ocrx_word' id='word_1_30' title='bbox 516 671 555 717; x_wconf 89' lang='lat' dir='ltr'>ei</span> <span class='ocrx_word' id='word_1_31' title='bbox 577 670 969 732; x_wconf 78' lang='lat' dir='ltr'>conspirationem</span> <span class='ocrx_word' id='word_1_32' title='bbox 989 668 1154 714; x_wconf 88' lang='lat' dir='ltr'>factam</span> <span class='ocrx_word' id='word_1_33' title='bbox 1175 675 1335 715; x_wconf 87' lang='lat' dir='ltr'>contra</span> <span class='ocrx_word' id='word_1_34' title='bbox 1356 684 1479 723; x_wconf 86' lang='lat' dir='ltr'>eum,</span> <span class='ocrx_word' id='word_1_35' title='bbox 1510 667 1554 713; x_wconf 92' lang='lat' dir='ltr'>in</span> <span class='ocrx_word' id='word_1_36' title='bbox 1583 684 1673 730; x_wconf 92' lang='lat' dir='ltr'>qua</span> <span class='ocrx_word' id='word_1_37' title='bbox 1702 683 1752 714; x_wconf 87' lang='lat' dir='ltr'>se</span> 
     </span>
     <span class='ocr_line' id='line_1_6' title="bbox 352 741 1753 805; baseline -0.004 -12"><span class='ocrx_word' id='word_1_38' title='bbox 352 746 534 793; x_wconf 87' lang='lat' dir='ltr'>affuisse</span> <span class='ocrx_word' id='word_1_39' title='bbox 570 745 808 792; x_wconf 87' lang='lat' dir='ltr'>confessus</span> <span class='ocrx_word' id='word_1_40' title='bbox 840 750 926 799; x_wconf 87' lang='lat' dir='ltr'>est,</span> <span class='ocrx_word' id='word_1_41' title='bbox 961 743 1236 805; x_wconf 85' lang='lat' dir='ltr'>veniamque</span> <span class='ocrx_word' id='word_1_42' title='bbox 1269 743 1469 790; x_wconf 81' lang='lat' dir='ltr'>obtinuit</span> <span class='ocrx_word' id='word_1_43' title='bbox 1503 742 1561 789; x_wconf 90' lang='lat' dir='ltr'>ab</span> <span class='ocrx_word' id='word_1_44' title='bbox 1587 741 1753 788; x_wconf 91' lang='lat' dir='ltr'>eodem</span> 
     </span>
     <span class='ocr_line' id='line_1_7' title="bbox 352 819 1753 886; baseline -0.003 -17"><span class='ocrx_word' id='word_1_45' title='bbox 352 838 461 886; x_wconf 80' lang='lat' dir='ltr'>rege</span> <span class='ocrx_word' id='word_1_46' title='bbox 483 827 731 884; x_wconf 82' lang='lat' dir='ltr'>antequam</span> <span class='ocrx_word' id='word_1_47' title='bbox 754 827 884 883; x_wconf 85' lang='lat' dir='ltr'>pater</span> <span class='ocrx_word' id='word_1_48' title='bbox 904 819 1002 882; x_wconf 86' lang='lat' dir='ltr'>ejus</span> <span class='ocrx_word' id='word_1_49' title='bbox 1022 819 1201 866; x_wconf 86' lang='lat' dir='ltr'>veniret</span> <span class='ocrx_word' id='word_1_50' title='bbox 1218 826 1324 866; x_wconf 90' lang='lat' dir='ltr'>ante</span> <span class='ocrx_word' id='word_1_51' title='bbox 1344 835 1521 883; x_wconf 82' lang='lat' dir='ltr'>regem.</span> <span class='ocrx_word' id='word_1_52' title='bbox 1546 820 1753 880; x_wconf 87' lang='lat' dir='ltr'>Cumque</span> 
     </span>
     <span class='ocr_line' id='line_1_8' title="bbox 351 895 1754 959; baseline -0.004 -14"><span class='ocrx_word' id='word_1_53' title='bbox 351 898 446 945; x_wconf 83' lang='lat' dir='ltr'>dux</span> <span class='ocrx_word' id='word_1_54' title='bbox 466 896 769 945; x_wconf 91' lang='lat' dir='ltr'>Eboracensis</span> <span class='ocrx_word' id='word_1_55' title='bbox 798 895 976 942; x_wconf 87' lang='lat' dir='ltr'>veniret</span> <span class='ocrx_word' id='word_1_56' title='bbox 996 901 1101 941; x_wconf 88' lang='lat' dir='ltr'>ante</span> <span class='ocrx_word' id='word_1_57' title='bbox 1127 911 1288 959; x_wconf 83' lang='lat' dir='ltr'>regem</span> <span class='ocrx_word' id='word_1_58' title='bbox 1309 901 1355 942; x_wconf 90' lang='lat' dir='ltr'>et</span> <span class='ocrx_word' id='word_1_59' title='bbox 1381 895 1421 942; x_wconf 92' lang='lat' dir='ltr'>ei</span> <span class='ocrx_word' id='word_1_60' title='bbox 1443 895 1619 941; x_wconf 80' lang='lat' dir='ltr'>litteras</span> <span class='ocrx_word' id='word_1_61' title='bbox 1644 910 1754 957; x_wconf 88' lang='lat' dir='ltr'>pre—</span> 
     </span>
     <span class='ocr_line' id='line_1_9' title="bbox 353 968 1754 1027; baseline -0.002 -9"><span class='ocrx_word' id='word_1_62' title='bbox 353 973 468 1020; x_wconf 89' lang='lat' dir='ltr'>fatas</span> <span class='ocrx_word' id='word_1_63' title='bbox 489 973 786 1027; x_wconf 85' lang='lat' dir='ltr'>ostendisset,</span> <span class='ocrx_word' id='word_1_64' title='bbox 816 987 902 1017; x_wconf 85' lang='lat' dir='ltr'>rex</span> <span class='ocrx_word' id='word_1_65' title='bbox 922 987 1033 1017; x_wconf 85' lang='lat' dir='ltr'>mox</span> <span class='ocrx_word' id='word_1_66' title='bbox 1055 971 1214 1018; x_wconf 86' lang='lat' dir='ltr'>abiens</span> <span class='ocrx_word' id='word_1_67' title='bbox 1238 971 1526 1018; x_wconf 87' lang='lat' dir='ltr'>Londoniam</span> <span class='ocrx_word' id='word_1_68' title='bbox 1548 968 1754 1017; x_wconf 86' lang='lat' dir='ltr'>obviavit</span> 
     </span>
     <span class='ocr_line' id='line_1_10' title="bbox 352 1046 1755 1112; baseline -0.003 -16"><span class='ocrx_word' id='word_1_69' title='bbox 352 1049 512 1112; x_wconf 89' lang='lat' dir='ltr'>majori</span> <span class='ocrx_word' id='word_1_70' title='bbox 534 1049 592 1096; x_wconf 90' lang='lat' dir='ltr'>de</span> <span class='ocrx_word' id='word_1_71' title='bbox 619 1047 854 1095; x_wconf 89' lang='lat' dir='ltr'>Londonia</span> <span class='ocrx_word' id='word_1_72' title='bbox 874 1047 953 1110; x_wconf 91' lang='lat' dir='ltr'>qui</span> <span class='ocrx_word' id='word_1_73' title='bbox 973 1048 1245 1094; x_wconf 86' lang='lat' dir='ltr'>festinanter</span> <span class='ocrx_word' id='word_1_74' title='bbox 1266 1047 1537 1095; x_wconf 86' lang='lat' dir='ltr'>accurrebat</span> <span class='ocrx_word' id='word_1_75' title='bbox 1563 1046 1621 1094; x_wconf 90' lang='lat' dir='ltr'>ad</span> <span class='ocrx_word' id='word_1_76' title='bbox 1647 1061 1755 1093; x_wconf 87' lang='lat' dir='ltr'>eum</span> 
     </span>
     <span class='ocr_line' id='line_1_11' title="bbox 351 1123 1756 1186; baseline -0.002 -14"><span class='ocrx_word' id='word_1_77' title='bbox 351 1125 408 1172; x_wconf 91' lang='lat' dir='ltr'>ad</span> <span class='ocrx_word' id='word_1_78' title='bbox 436 1125 742 1172; x_wconf 88' lang='lat' dir='ltr'>intimandum</span> <span class='ocrx_word' id='word_1_79' title='bbox 775 1124 816 1171; x_wconf 91' lang='lat' dir='ltr'>ei</span> <span class='ocrx_word' id='word_1_80' title='bbox 842 1123 1009 1186; x_wconf 90' lang='lat' dir='ltr'>quod</span> <span class='ocrx_word' id='word_1_81' title='bbox 998 1123 1170 1170; x_wconf 87' lang='lat' dir='ltr'>mimici</span> <span class='ocrx_word' id='word_1_82' title='bbox 1203 1124 1274 1170; x_wconf 92' lang='lat' dir='ltr'>sui</span> <span class='ocrx_word' id='word_1_83' title='bbox 1300 1129 1431 1170; x_wconf 88' lang='lat' dir='ltr'>erant</span> <span class='ocrx_word' id='word_1_84' title='bbox 1463 1139 1604 1186; x_wconf 89' lang='lat' dir='ltr'>super</span> <span class='ocrx_word' id='word_1_85' title='bbox 1631 1138 1756 1169; x_wconf 90' lang='lat' dir='ltr'>cam-</span> 
     </span>
     <span class='ocr_line' id='line_1_12' title="bbox 351 1200 1243 1263; baseline -0.002 -15"><span class='ocrx_word' id='word_1_86' title='bbox 351 1217 438 1263; x_wconf 93' lang='lat' dir='ltr'>pos</span> <span class='ocrx_word' id='word_1_87' title='bbox 461 1217 566 1248; x_wconf 91' lang='lat' dir='ltr'>cum</span> <span class='ocrx_word' id='word_1_88' title='bbox 593 1217 676 1248; x_wconf 87' lang='lat' dir='ltr'>sex</span> <span class='ocrx_word' id='word_1_89' title='bbox 697 1200 883 1247; x_wconf 92' lang='lat' dir='ltr'>milibus</span> <span class='ocrx_word' id='word_1_90' title='bbox 908 1205 1243 1263; x_wconf 79' lang='lat' dir='ltr'>pugnatorum.</span> 
     </span>
    </p>
   </div>
   <div class='ocr_carea' id='block_1_3' title="bbox 350 1281 1760 2570">
    <p class='ocr_par' dir='ltr' id='par_1_3' title="bbox 350 1281 1760 2030">
     <span class='ocr_line' id='line_1_13' title="bbox 414 1281 1757 1347; baseline -0.003 -17"><span class='ocrx_word' id='word_1_91' title='bbox 414 1286 513 1331; x_wconf 85' lang='lat' dir='ltr'>Rex</span> <span class='ocrx_word' id='word_1_92' title='bbox 539 1299 668 1347; x_wconf 83' lang='lat' dir='ltr'>ergo,</span> <span class='ocrx_word' id='word_1_93' title='bbox 700 1300 805 1330; x_wconf 92' lang='lat' dir='ltr'>cum</span> <span class='ocrx_word' id='word_1_94' title='bbox 831 1289 953 1330; x_wconf 91' lang='lat' dir='ltr'>esset</span> <span class='ocrx_word' id='word_1_95' title='bbox 976 1283 1022 1329; x_wconf 91' lang='lat' dir='ltr'>in</span> <span class='ocrx_word' id='word_1_96' title='bbox 1051 1282 1306 1337; x_wconf 90' lang='lat' dir='ltr'>Londonia,</span> <span class='ocrx_word' id='word_1_97' title='bbox 1331 1281 1438 1330; x_wconf 88' lang='lat' dir='ltr'>fecit</span> <span class='ocrx_word' id='word_1_98' title='bbox 1464 1281 1620 1328; x_wconf 89' lang='lat' dir='ltr'>statim</span> <span class='ocrx_word' id='word_1_99' title='bbox 1645 1296 1757 1328; x_wconf 91' lang='lat' dir='ltr'>con-</span> 
     </span>
     <span class='ocr_line' id='line_1_14' title="bbox 351 1357 1757 1423; baseline -0.002 -18"><span class='ocrx_word' id='word_1_100' title='bbox 351 1359 533 1423; x_wconf 82' lang='lat' dir='ltr'>gregari</span> <span class='ocrx_word' id='word_1_101' title='bbox 563 1358 776 1405; x_wconf 90' lang='lat' dir='ltr'>homines</span> <span class='ocrx_word' id='word_1_102' title='bbox 807 1374 1046 1404; x_wconf 89' lang='lat' dir='ltr'>armorum</span> <span class='ocrx_word' id='word_1_103' title='bbox 1085 1374 1233 1420; x_wconf 91' lang='lat' dir='ltr'>usque</span> <span class='ocrx_word' id='word_1_104' title='bbox 1267 1357 1326 1404; x_wconf 93' lang='lat' dir='ltr'>ad</span> <span class='ocrx_word' id='word_1_105' title='bbox 1366 1373 1613 1403; x_wconf 82' lang='lat' dir='ltr'>numerum</span> <span class='ocrx_word' id='word_1_106' title='bbox 1653 1357 1757 1421; x_wconf 76' lang='lat' dir='ltr'>xvj¹</span> 
     </span>
     <span class='ocr_line' id='line_1_15' title="bbox 350 1433 1757 1498; baseline -0.001 -17"><span class='ocrx_word' id='word_1_107' title='bbox 350 1435 423 1481; x_wconf 87' lang='lat' dir='ltr'>vel</span> <span class='ocrx_word' id='word_1_108' title='bbox 454 1435 668 1498; x_wconf 87' lang='lat' dir='ltr'>amplius.</span> <span class='ocrx_word' id='word_1_109' title='bbox 700 1435 779 1492; x_wconf 78' lang='lat' dir='ltr'>Die</span> <span class='ocrx_word' id='word_1_110' title='bbox 806 1451 919 1480; x_wconf 89' lang='lat' dir='ltr'>vero</span> <span class='ocrx_word' id='word_1_111' title='bbox 945 1434 1199 1496; x_wconf 89' lang='lat' dir='ltr'>Epiphanie</span> <span class='ocrx_word' id='word_1_112' title='bbox 1225 1434 1339 1479; x_wconf 90' lang='lat' dir='ltr'>hora</span> <span class='ocrx_word' id='word_1_113' title='bbox 1367 1433 1639 1489; x_wconf 88' lang='lat' dir='ltr'>meridiana,</span> <span class='ocrx_word' id='word_1_114' title='bbox 1672 1449 1757 1480; x_wconf 85' lang='lat' dir='ltr'>rex</span> 
     </span>
     <span class='ocr_line' id='line_1_16' title="bbox 350 1509 1757 1572; baseline -0.001 -15"><span class='ocrx_word' id='word_1_115' title='bbox 350 1512 599 1558; x_wconf 89' lang='lat' dir='ltr'>Henrricus</span> <span class='ocrx_word' id='word_1_116' title='bbox 621 1510 731 1557; x_wconf 85' lang='lat' dir='ltr'>exiit</span> <span class='ocrx_word' id='word_1_117' title='bbox 758 1510 815 1556; x_wconf 90' lang='lat' dir='ltr'>de</span> <span class='ocrx_word' id='word_1_118' title='bbox 835 1510 1019 1556; x_wconf 89' lang='lat' dir='ltr'>civitate</span> <span class='ocrx_word' id='word_1_119' title='bbox 1045 1526 1151 1557; x_wconf 93' lang='lat' dir='ltr'>cum</span> <span class='ocrx_word' id='word_1_120' title='bbox 1178 1509 1274 1556; x_wconf 88' lang='lat' dir='ltr'>fere</span> <span class='ocrx_word' id='word_1_121' title='bbox 1300 1509 1564 1572; x_wconf 84' lang='lat' dir='ltr'>quingentis</span> <span class='ocrx_word' id='word_1_122' title='bbox 1589 1509 1757 1556; x_wconf 85' lang='lat' dir='ltr'>lanceis</span> 
     </span>
     <span class='ocr_line' id='line_1_17' title="bbox 352 1585 1759 1650; baseline -0.001 -17"><span class='ocrx_word' id='word_1_123' title='bbox 352 1593 397 1633; x_wconf 89' lang='lat' dir='ltr'>et</span> <span class='ocrx_word' id='word_1_124' title='bbox 435 1595 537 1633; x_wconf 69' lang='lat' dir='ltr'>sex³¹</span> <span class='ocrx_word' id='word_1_125' title='bbox 574 1587 844 1650; x_wconf 82' lang='lat' dir='ltr'>sagittariis,</span> <span class='ocrx_word' id='word_1_126' title='bbox 885 1602 938 1632; x_wconf 94' lang='lat' dir='ltr'>ac</span> <span class='ocrx_word' id='word_1_127' title='bbox 976 1586 1039 1632; x_wconf 91' lang='lat' dir='ltr'>ibi</span> <span class='ocrx_word' id='word_1_128' title='bbox 1076 1585 1207 1648; x_wconf 91' lang='lat' dir='ltr'>quasi</span> <span class='ocrx_word' id='word_1_129' title='bbox 1247 1585 1402 1647; x_wconf 90' lang='lat' dir='ltr'>spacio</span> <span class='ocrx_word' id='word_1_130' title='bbox 1442 1586 1583 1632; x_wconf 91' lang='lat' dir='ltr'>trium</span> <span class='ocrx_word' id='word_1_131' title='bbox 1621 1586 1759 1632; x_wconf 88' lang='lat' dir='ltr'>hora-</span> 
     </span>
     <span class='ocr_line' id='line_1_18' title="bbox 350 1661 1760 1725; baseline -0.001 -16"><span class='ocrx_word' id='word_1_132' title='bbox 350 1679 457 1709; x_wconf 89' lang='lat' dir='ltr'>rum</span> <span class='ocrx_word' id='word_1_133' title='bbox 489 1662 752 1725; x_wconf 85' lang='lat' dir='ltr'>expectavit</span> <span class='ocrx_word' id='word_1_134' title='bbox 784 1662 934 1708; x_wconf 89' lang='lat' dir='ltr'>donec</span> <span class='ocrx_word' id='word_1_135' title='bbox 964 1668 1192 1708; x_wconf 91' lang='lat' dir='ltr'>venerunt</span> <span class='ocrx_word' id='word_1_136' title='bbox 1227 1661 1420 1708; x_wconf 88' lang='lat' dir='ltr'>comites</span> <span class='ocrx_word' id='word_1_137' title='bbox 1450 1661 1685 1708; x_wconf 89' lang='lat' dir='ltr'>Arondelli</span> <span class='ocrx_word' id='word_1_138' title='bbox 1713 1668 1760 1708; x_wconf 89' lang='lat' dir='ltr'>et</span> 
     </span>
     <span class='ocr_line' id='line_1_19' title="bbox 350 1730 1757 1801; baseline -0.001 -15"><span class='ocrx_word' id='word_1_139' title='bbox 350 1739 687 1794; x_wconf 81' lang='lat' dir='ltr'>Warvicensis‚</span> <span class='ocrx_word' id='word_1_140' title='bbox 733 1754 873 1801; x_wconf 91' lang='lat' dir='ltr'>quem</span> <span class='ocrx_word' id='word_1_141' title='bbox 916 1737 1040 1784; x_wconf 89' lang='lat' dir='ltr'>velut</span> <span class='ocrx_word' id='word_1_142' title='bbox 1078 1738 1394 1793; x_wconf 89' lang='lat' dir='ltr'>innocentem,</span> <span class='ocrx_word' id='word_1_143' title='bbox 1444 1730 1757 1784; x_wconf 83' lang='lat' dir='ltr'>nonobstante</span> 
     </span>
     <span class='ocr_line' id='line_1_20' title="bbox 351 1813 1756 1878; baseline -0.001 -16"><span class='ocrx_word' id='word_1_144' title='bbox 351 1831 433 1862; x_wconf 89' lang='lat' dir='ltr'>sua</span> <span class='ocrx_word' id='word_1_145' title='bbox 459 1814 748 1862; x_wconf 88' lang='lat' dir='ltr'>confessione</span> <span class='ocrx_word' id='word_1_146' title='bbox 774 1814 832 1861; x_wconf 93' lang='lat' dir='ltr'>ad</span> <span class='ocrx_word' id='word_1_147' title='bbox 852 1815 1041 1878; x_wconf 87' lang='lat' dir='ltr'>plenum</span> <span class='ocrx_word' id='word_1_148' title='bbox 1063 1813 1357 1869; x_wconf 82' lang='lat' dir='ltr'>liberaverat,</span> <span class='ocrx_word' id='word_1_149' title='bbox 1382 1820 1427 1860; x_wconf 89' lang='lat' dir='ltr'>et</span> <span class='ocrx_word' id='word_1_150' title='bbox 1453 1813 1669 1861; x_wconf 90' lang='lat' dir='ltr'>dominus</span> <span class='ocrx_word' id='word_1_151' title='bbox 1697 1814 1756 1861; x_wconf 87' lang='lat' dir='ltr'>de</span> 
     </span>
     <span class='ocr_line' id='line_1_21' title="bbox 351 1890 1759 1954; baseline -0.002 -15"><span class='ocrx_word' id='word_1_152' title='bbox 351 1891 639 1939; x_wconf 82' lang='lat' dir='ltr'>Feruastria¹</span> <span class='ocrx_word' id='word_1_153' title='bbox 665 1891 743 1953; x_wconf 92' lang='lat' dir='ltr'>qui</span> <span class='ocrx_word' id='word_1_154' title='bbox 765 1891 944 1954; x_wconf 80' lang='lat' dir='ltr'>primus</span> <span class='ocrx_word' id='word_1_155' title='bbox 964 1891 1107 1948; x_wconf 88' lang='lat' dir='ltr'>venit,</span> <span class='ocrx_word' id='word_1_156' title='bbox 1129 1907 1298 1954; x_wconf 85' lang='lat' dir='ltr'>gerens</span> <span class='ocrx_word' id='word_1_157' title='bbox 1315 1890 1537 1937; x_wconf 86' lang='lat' dir='ltr'>vexillum</span> <span class='ocrx_word' id='word_1_158' title='bbox 1560 1890 1759 1937; x_wconf 85' lang='lat' dir='ltr'>civitatis</span> 
     </span>
     <span class='ocr_line' id='line_1_22' title="bbox 352 1967 1214 2030; baseline -0.002 -15"><span class='ocrx_word' id='word_1_159' title='bbox 352 1968 686 2015; x_wconf 89' lang='lat' dir='ltr'>Londoniensis</span> <span class='ocrx_word' id='word_1_160' title='bbox 709 1985 762 2014; x_wconf 90' lang='lat' dir='ltr'>ac</span> <span class='ocrx_word' id='word_1_161' title='bbox 785 1968 928 2015; x_wconf 86' lang='lat' dir='ltr'>ceteri</span> <span class='ocrx_word' id='word_1_162' title='bbox 955 1967 1214 2030; x_wconf 89' lang='lat' dir='ltr'>preparati.</span> 
     </span>
    </p>

    <p class='ocr_par' dir='ltr' id='par_1_4' title="bbox 353 2049 1760 2570">
     <span class='ocr_line' id='line_1_23' title="bbox 418 2049 1760 2106; baseline -0.001 -9"><span class='ocrx_word' id='word_1_163' title='bbox 418 2053 473 2097; x_wconf 87' lang='lat' dir='ltr'>Et</span> <span class='ocrx_word' id='word_1_164' title='bbox 502 2067 606 2106; x_wconf 83' lang='lat' dir='ltr'>rex,</span> <span class='ocrx_word' id='word_1_165' title='bbox 642 2049 866 2096; x_wconf 88' lang='lat' dir='ltr'>ordinatis</span> <span class='ocrx_word' id='word_1_166' title='bbox 898 2049 1084 2096; x_wconf 89' lang='lat' dir='ltr'>aciebus</span> <span class='ocrx_word' id='word_1_167' title='bbox 1119 2049 1231 2104; x_wconf 84' lang='lat' dir='ltr'>suiS‚</span> <span class='ocrx_word' id='word_1_168' title='bbox 1269 2049 1394 2096; x_wconf 88' lang='lat' dir='ltr'>misit</span> <span class='ocrx_word' id='word_1_169' title='bbox 1425 2049 1592 2097; x_wconf 88' lang='lat' dir='ltr'>ducem</span> <span class='ocrx_word' id='word_1_170' title='bbox 1622 2050 1760 2096; x_wconf 91' lang='lat' dir='ltr'>Albe-</span> 
     </span>
     <span class='ocr_line' id='line_1_24' title="bbox 353 2125 1759 2190; baseline 0 -18"><span class='ocrx_word' id='word_1_171' title='bbox 353 2126 489 2173; x_wconf 89' lang='lat' dir='ltr'>malle</span> <span class='ocrx_word' id='word_1_172' title='bbox 509 2127 819 2188; x_wconf 90' lang='lat' dir='ltr'>comitemque</span> <span class='ocrx_word' id='word_1_173' title='bbox 840 2125 1098 2173; x_wconf 87' lang='lat' dir='ltr'>Rotheland</span> <span class='ocrx_word' id='word_1_174' title='bbox 1120 2142 1225 2172; x_wconf 91' lang='lat' dir='ltr'>cum</span> <span class='ocrx_word' id='word_1_175' title='bbox 1248 2125 1342 2189; x_wconf 77' lang='lat' dir='ltr'>iiij⁰r</span> <span class='ocrx_word' id='word_1_176' title='bbox 1362 2126 1548 2173; x_wconf 90' lang='lat' dir='ltr'>milibus</span> <span class='ocrx_word' id='word_1_177' title='bbox 1568 2126 1759 2190; x_wconf 84' lang='lat' dir='ltr'>sagitta-</span> 
     </span>
     <span class='ocr_line' id='line_1_25' title="bbox 354 2202 1760 2265; baseline -0.001 -15"><span class='ocrx_word' id='word_1_178' title='bbox 354 2203 435 2250; x_wconf 88' lang='lat' dir='ltr'>riis</span> <span class='ocrx_word' id='word_1_179' title='bbox 461 2208 506 2249; x_wconf 89' lang='lat' dir='ltr'>et</span> <span class='ocrx_word' id='word_1_180' title='bbox 531 2203 742 2250; x_wconf 89' lang='lat' dir='ltr'>ducentis</span> <span class='ocrx_word' id='word_1_181' title='bbox 769 2202 932 2248; x_wconf 90' lang='lat' dir='ltr'>lanceis</span> <span class='ocrx_word' id='word_1_182' title='bbox 959 2202 1018 2249; x_wconf 92' lang='lat' dir='ltr'>ad</span> <span class='ocrx_word' id='word_1_183' title='bbox 1046 2202 1379 2265; x_wconf 90' lang='lat' dir='ltr'>speculandum</span> <span class='ocrx_word' id='word_1_184' title='bbox 1412 2219 1520 2249; x_wconf 93' lang='lat' dir='ltr'>suos</span> <span class='ocrx_word' id='word_1_185' title='bbox 1548 2202 1760 2249; x_wconf 88' lang='lat' dir='ltr'>inimicos</span> 
     </span>
     <span class='ocr_line' id='line_1_26' title="bbox 355 2277 1760 2341; baseline 0 -16"><span class='ocrx_word' id='word_1_186' title='bbox 355 2279 434 2341; x_wconf 88' lang='lat' dir='ltr'>qui</span> <span class='ocrx_word' id='word_1_187' title='bbox 464 2285 597 2325; x_wconf 87' lang='lat' dir='ltr'>erant</span> <span class='ocrx_word' id='word_1_188' title='bbox 623 2278 754 2340; x_wconf 90' lang='lat' dir='ltr'>quasi</span> <span class='ocrx_word' id='word_1_189' title='bbox 785 2278 916 2341; x_wconf 68' lang='lat' dir='ltr'>xvjcina</span> <span class='ocrx_word' id='word_1_190' title='bbox 949 2278 1090 2324; x_wconf 87' lang='lat' dir='ltr'>leucis</span> <span class='ocrx_word' id='word_1_191' title='bbox 1122 2278 1364 2325; x_wconf 85' lang='lat' dir='ltr'>distantes.</span> <span class='ocrx_word' id='word_1_192' title='bbox 1399 2278 1572 2325; x_wconf 88' lang='lat' dir='ltr'>Deinde</span> <span class='ocrx_word' id='word_1_193' title='bbox 1605 2277 1760 2341; x_wconf 92' lang='lat' dir='ltr'>posuit</span> 
     </span>
     <span class='ocr_line' id='line_1_27' title="bbox 354 2354 1758 2418; baseline 0.001 -18"><span class='ocrx_word' id='word_1_194' title='bbox 354 2371 442 2418; x_wconf 89' lang='lat' dir='ltr'>pro</span> <span class='ocrx_word' id='word_1_195' title='bbox 460 2354 728 2418; x_wconf 83' lang='lat' dir='ltr'>antegardia</span> <span class='ocrx_word' id='word_1_196' title='bbox 750 2354 1055 2416; x_wconf 85' lang='lat' dir='ltr'>marquisum,</span> <span class='ocrx_word' id='word_1_197' title='bbox 1080 2354 1274 2401; x_wconf 86' lang='lat' dir='ltr'>fratrem</span> <span class='ocrx_word' id='word_1_198' title='bbox 1295 2370 1431 2401; x_wconf 92' lang='lat' dir='ltr'>suum</span> <span class='ocrx_word' id='word_1_199' title='bbox 1452 2361 1498 2401; x_wconf 89' lang='lat' dir='ltr'>et</span> <span class='ocrx_word' id='word_1_200' title='bbox 1517 2354 1758 2401; x_wconf 90' lang='lat' dir='ltr'>dominum</span> 
     </span>
     <span class='ocr_line' id='line_1_28' title="bbox 356 2431 1759 2495; baseline -0.001 -17"><span class='ocrx_word' id='word_1_201' title='bbox 356 2432 577 2479; x_wconf 92' lang='lat' dir='ltr'>Thomam</span> <span class='ocrx_word' id='word_1_202' title='bbox 598 2431 959 2495; x_wconf 73' lang='lat' dir='ltr'>d&#39;Erpingl1en2‚</span> <span class='ocrx_word' id='word_1_203' title='bbox 984 2448 1119 2479; x_wconf 91' lang='lat' dir='ltr'>suum</span> <span class='ocrx_word' id='word_1_204' title='bbox 1139 2431 1492 2488; x_wconf 89' lang='lat' dir='ltr'>cambellanum‚</span> <span class='ocrx_word' id='word_1_205' title='bbox 1517 2447 1636 2494; x_wconf 93' lang='lat' dir='ltr'>quos</span> <span class='ocrx_word' id='word_1_206' title='bbox 1658 2431 1759 2493; x_wconf 88' lang='lat' dir='ltr'>ipse</span> 
     </span>
     <span class='ocr_line' id='line_1_29' title="bbox 356 2507 1600 2570; baseline -0.001 -16"><span class='ocrx_word' id='word_1_207' title='bbox 356 2508 611 2554; x_wconf 87' lang='lat' dir='ltr'>transmisit</span> <span class='ocrx_word' id='word_1_208' title='bbox 636 2523 722 2570; x_wconf 92' lang='lat' dir='ltr'>per</span> <span class='ocrx_word' id='word_1_209' title='bbox 746 2507 883 2553; x_wconf 88' lang='lat' dir='ltr'>aliam</span> <span class='ocrx_word' id='word_1_210' title='bbox 909 2507 1029 2553; x_wconf 89' lang='lat' dir='ltr'>viam</span> <span class='ocrx_word' id='word_1_211' title='bbox 1053 2513 1212 2553; x_wconf 87' lang='lat' dir='ltr'>contra</span> <span class='ocrx_word' id='word_1_212' title='bbox 1240 2507 1450 2553; x_wconf 88' lang='lat' dir='ltr'>inimicos</span> <span class='ocrx_word' id='word_1_213' title='bbox 1474 2523 1600 2553; x_wconf 89' lang='lat' dir='ltr'>suos.</span> 
     </span>
    </p>
   </div>
   <div class='ocr_carea' id='block_1_4' title="bbox 423 2588 1758 2653">
    <p class='ocr_par' dir='ltr' id='par_1_5' title="bbox 423 2588 1758 2653">
     <span class='ocr_line' id='line_1_30' title="bbox 423 2588 1758 2653; baseline -0.001 -17"><span class='ocrx_word' id='word_1_214' title='bbox 423 2594 567 2637; x_wconf 90' lang='lat' dir='ltr'>Porro</span> <span class='ocrx_word' id='word_1_215' title='bbox 594 2590 690 2637; x_wconf 85' lang='lat' dir='ltr'>dux</span> <span class='ocrx_word' id='word_1_216' title='bbox 716 2588 967 2636; x_wconf 88' lang='lat' dir='ltr'>Albemalle</span> <span class='ocrx_word' id='word_1_217' title='bbox 987 2588 1098 2635; x_wconf 90' lang='lat' dir='ltr'>abiit</span> <span class='ocrx_word' id='word_1_218' title='bbox 1120 2589 1454 2653; x_wconf 81' lang='lat' dir='ltr'>Coulburgum‚</span> <span class='ocrx_word' id='word_1_219' title='bbox 1484 2588 1561 2636; x_wconf 89' lang='lat' dir='ltr'>ubi</span> <span class='ocrx_word' id='word_1_220' title='bbox 1585 2588 1758 2651; x_wconf 88' lang='lat' dir='ltr'>reperit</span> 
     </span>
    </p>
   </div>
   <div class='ocr_carea' id='block_1_5' title="bbox 408 2761 903 2866">
    <p class='ocr_par' dir='ltr' id='par_1_6' title="bbox 408 2761 903 2866">
     <span class='ocr_line' id='line_1_31' title="bbox 409 2761 867 2797; baseline -0.002 0"><span class='ocrx_word' id='word_1_221' title='bbox 409 2763 439 2797; x_wconf 88' lang='lat'>1.</span> <span class='ocrx_word' id='word_1_222' title='bbox 462 2761 616 2797; x_wconf 79' lang='lat' dir='ltr'>Walter</span> <span class='ocrx_word' id='word_1_223' title='bbox 636 2761 867 2796; x_wconf 84' lang='lat' dir='ltr'>Fitzwalter.</span> 
     </span>
     <span class='ocr_line' id='line_1_32' title="bbox 408 2819 903 2866; baseline 0.002 -13"><span class='ocrx_word' id='word_1_224' title='bbox 408 2819 441 2854; x_wconf 66' lang='lat'>2.</span> <span class='ocrx_word' id='word_1_225' title='bbox 463 2820 631 2855; x_wconf 81' lang='lat' dir='ltr'>Thomas</span> <span class='ocrx_word' id='word_1_226' title='bbox 653 2820 903 2866; x_wconf 82' lang='lat' dir='ltr'>Erpingham.</span> 
     </span>
    </p>
   </div>
  </div>
 </body>
</html>
