1941 3294
310 309 352 344 18
585 308 954 342 CHRONOGRAPHIA
978 305 1131 338 REGUM
1154 303 1432 336 FRANCORUM.
1595 296 1702 344 [1382

371 392 452 436 Est
482 393 637 436 autem
664 387 710 434 in
744 386 820 433 illa
854 384 1001 448 patria
1035 382 1322 430 consuetudo
1356 380 1460 427 talis
1496 379 1624 441 quod
1664 379 1703 426 si

308 482 426 513 unus
446 466 586 512 homo
605 478 844 511 armorum
860 467 1108 509 extraneus
1122 459 1330 522 capiatur
1343 457 1400 504 ab
1415 456 1504 503 alio
1518 455 1704 502 homine

307 557 546 590 armorum
577 545 827 594 extraneo,
860 542 1109 600 postquam
1147 535 1360 582 detentus
1389 538 1460 579 est
1487 547 1572 594 per
1607 536 1704 577 tres

307 617 422 673 dies,
453 616 620 664 amittit
645 631 774 662 arma
801 630 882 660 sua
908 617 953 658 et
975 626 1123 673 equos
1151 626 1258 657 curn
1288 609 1387 656 aliis
1411 607 1552 655 rebus
1583 606 1702 661 suis;

307 693 473 741 deinde
499 692 673 755 quittus
705 690 804 738 sine
835 688 921 735 alia
951 686 1272 749 redemptione
1297 686 1415 732 liber
1438 682 1631 731 recedit.
1660 681 1707 730 Si

306 776 461 817 autem
476 769 580 831 quis
594 767 800 830 capiatur
812 765 869 811 ab
887 763 974 810 illis
989 762 1047 810 de
1061 763 1228 826 patria,
1244 762 1324 809 vix
1336 767 1491 825 potest
1507 759 1707 807 evadere

307 846 365 893 de
383 844 596 891 manibus
620 858 801 889 eorum.
831 839 975 903 Hujus
1000 839 1124 885 enim
1145 855 1298 895 causa,
1322 838 1385 884 illi
1411 836 1489 900 qui
1509 839 1641 882 erant
1660 833 1707 879 in

307 922 447 969 domo
475 918 835 967 Cartusiensium
860 914 1167 963 reddiderunt
1193 931 1242 962 se
1266 913 1532 961 hominibus
1555 926 1708 958 armo-

307 1012 413 1043 rum
439 994 518 1056 qui
539 998 670 1040 erant
692 992 738 1038 in
759 1006 955 1038 numero
980 989 1236 1053 quingenti,
1261 995 1307 1036 et
1333 1005 1425 1035 non
1450 985 1709 1050 Neapolita-

308 1073 377 1119 nis
403 1071 479 1134 qui
509 1087 589 1117 eos
615 1067 940 1116 obsidebant¹.

373 1151 481 1195 Post
504 1146 732 1210 prefatam
752 1143 1013 1200 victoriam,
1036 1142 1234 1190 Karolus
1261 1141 1319 1189 de
1345 1143 1458 1188 Pace
1478 1140 1585 1187 fecit
1601 1155 1712 1203 pro-

307 1223 495 1272 clamari
528 1239 613 1286 per
646 1221 890 1285 quadrivia
930 1219 1143 1283 Neapolis
1182 1218 1398 1281 quatinus
1436 1232 1598 1264 omnes
1632 1214 1712 1278 qui

308 1307 470 1348 contra
490 1316 538 1346 se
555 1299 740 1346 fuerant
759 1297 818 1345 de
835 1302 967 1360 parte
986 1295 1147 1359 regine
1163 1294 1386 1349 Johanne‚
1404 1293 1523 1340 infra
1538 1298 1713 1339 certam

309 1376 434 1424 diem
459 1375 638 1422 exirent
659 1373 718 1421 de
743 1389 906 1437 regno,
938 1371 1025 1419 sub
1047 1387 1166 1434 pena
1188 1368 1444 1432 suspendii,
1466 1384 1519 1415 ac
1541 1366 1607 1414 eis
1623 1382 1713 1429 pro

309 1468 394 1498 suo
425 1466 612 1497 recessu
643 1448 923 1496 concederet
957 1462 1126 1510 panem
1157 1445 1228 1492 bis
1257 1451 1441 1492 coctum
1476 1450 1520 1491 et
1554 1443 1714 1489 vinum

309 1543 416 1574 cum
440 1526 637 1573 navibus
662 1531 709 1572 et
734 1524 863 1572 salvo
889 1522 1122 1571 conductu
1148 1538 1251 1579 suo,
1281 1536 1525 1584 quousque
1560 1523 1716 1567 essent

308 1602 434 1666 apud
459 1602 630 1649 Pisam.

373 1682 554 1735 Postea,
592 1676 723 1740 quasi
757 1692 844 1739 per
878 1691 1023 1723 unum
1058 1690 1285 1731 mensem,
1323 1673 1521 1721 Karolus
1552 1671 1625 1720 cui
1658 1688 1716 1718 ex

309 1755 460 1802 officio
496 1753 744 1808 senatorie‚
783 1752 911 1814 quod
946 1767 1173 1798 consensu
1207 1756 1363 1797 tamen
1398 1737 1717 1796 Romanorum

309 1830 523 1878 Urbanus
550 1828 635 1875 sibi
662 1827 871 1883 dederat,
902 1827 1081 1890 prefata
1107 1826 1313 1875 Johanna
1339 1825 1499 1889 regina
1529 1825 1588 1871 ab
1613 1824 1717 1887 ipso

309 1906 496 1956 Urbano
528 1911 725 1968 propter
758 1905 1040 1953 Clementem
1073 1903 1171 1967 ejus
1202 1902 1522 1950 adversarium
1553 1917 1719 1964 repro-

310 1983 434 2040 bata,
475 1999 672 2046 regnum
710 1980 919 2045 ejusdem
957 1980 1104 2027 Sicilie
1141 1979 1314 2026 scilicet
1349 1985 1395 2025 et
1431 1977 1718 2026 Jherusalem

311 2059 517 2116 donavit,
548 2064 592 2105 et
623 2058 779 2121 ipsum
803 2057 851 2103 in
876 2072 1036 2120 regem
1062 2060 1208 2104 Rome
1233 2055 1490 2111 coronavit,
1521 2054 1646 2101 idem
1672 2053 1718 2100 in

311 2135 500 2199 Neapoli
527 2140 714 2197 sumpto
739 2133 999 2180 diademate
1025 2132 1173 2196 regio,
1198 2131 1303 2178 fecit
1328 2147 1472 2179 unum
1497 2145 1720 2193 magnum

312 2213 499 2268 festum,
530 2210 754 2257 conviviis
777 2215 825 2256 et
849 2208 1123 2265 hastiludiis,
1148 2208 1276 2271 quod
1303 2207 1489 2255 duravit
1515 2223 1600 2270 per
1624 2212 1720 2253 tres

312 2288 427 2335 dies.
457 2291 514 2335 Et
539 2287 769 2334 affuerunt
795 2286 857 2333 ibi
883 2301 1046 2332 omnes
1074 2285 1232 2340 duces,
1265 2284 1458 2331 comites
1483 2290 1529 2330 et
1554 2281 1721 2346 prelati

313 2382 366 2412 ac
391 2364 569 2411 nobiles
596 2363 736 2410 totius
761 2362 910 2426 regni,
941 2361 1020 2425 qui
1046 2378 1208 2408 omnes
1234 2361 1275 2408 ei
1302 2361 1571 2424 homagium
1601 2359 1722 2406 fece-

315 2447 449 2497 runt3
477 2439 605 2487 dedit
625 2455 811 2502 quoque
836 2438 1052 2485 omnibus
1079 2436 1335 2484 astantibus
1360 2435 1651 2499 principibus
1676 2440 1722 2481 et

314 2533 477 2564 eorum
510 2515 702 2580 singulis
733 2514 947 2562 ordinem
979 2530 1133 2570 suum,
1172 2513 1385 2560 videlicet
1418 2528 1558 2560 unam
1591 2511 1722 2559 navi-

365 2647 397 2682 1.
424 2660 439 2680 α
456 2645 615 2682 Carolus
635 2655 714 2690 eos,
734 2643 799 2691 qui
820 2654 909 2679 cum
930 2642 1088 2680 Oddone
1109 2642 1374 2678 militaverant
1394 2641 1537 2677 dimisit
1557 2651 1603 2677 ea
1624 2641 1721 2688 lege,

320 2718 335 2738 «
359 2715 407 2740 ne
426 2715 494 2751 per
513 2715 659 2740 annum
685 2703 956 2750 insequentem
983 2712 1133 2749 quoquo
1157 2700 1268 2737 modo
1289 2701 1362 2736 sibi
1383 2700 1680 2737 adversarentur
1701 2713 1717 2733 »

322 2764 494 2809 (Annales
516 2765 782 2803 Bonincontrii,
807 2772 866 2809 ap.
890 2761 1089 2807 Muratori,
1113 2766 1138 2797 t.
1163 2760 1277 2804 XXI,
1301 2760 1374 2798 col.
1395 2761 1466 2807 41).
