1941 3294
313 333 356 370 38
587 334 956 368 GHRONOGRAPHIA
982 333 1134 365 REGUM
1159 333 1436 366 FRANCORUM.
1602 329 1706 376 [1382

311 415 419 463 dam
444 415 667 464 ,Iohannis
692 413 965 477 d’Enghien,
989 411 1172 459 comitis
1191 413 1310 460 Licie
1337 413 1432 475 qui,
1456 417 1507 460 ut
1532 412 1708 460 dictum

309 497 380 539 est
405 507 562 554 supra,
587 489 697 536 olim
723 488 977 536 Hanoniam
1002 486 1108 549 igne
1133 493 1178 533 et
1203 487 1315 534 cede
1337 488 1578 535 vastavit¹.
1604 488 1702 544 Hic,

310 567 428 614 sicut
464 566 608 613 ceteri
646 566 703 613 de
742 581 887 628 regno
922 562 1088 619 Sicilie,
1118 564 1288 610 Karolo
1319 564 1418 627 regi
1443 564 1708 626 juramento

309 642 524 690 astrictus
549 647 649 689 erat
675 647 720 688 et
743 641 789 686 in
817 640 934 686 festo
961 654 1042 685 sue
1077 639 1391 686 coronationis
1424 639 1544 686 inter
1569 639 1709 686 hasti-

308 719 538 766 ludiantes
566 723 787 779 tanquam
827 715 983 778 potior
1013 714 1302 763 hastiludista
1336 716 1546 778 precium
1590 715 1710 762 obti-

309 800 497 851 nuerat,
548 793 630 841 sed
668 793 987 856 juramentum
1029 807 1163 838 suum
1212 791 1413 848 violans,
1461 808 1549 854 pro
1592 791 1711 838 duce

309 869 630 934 Andegavensi
642 868 832 932 juravit,
857 873 902 913 et
921 867 1170 930 juramenti
1187 868 1343 915 violati
1360 884 1419 914 ex
1437 874 1569 930 parte
1589 871 1711 930 Pape

310 946 553 994 Clementis
569 943 964 1007 dispensationem
984 943 1070 990 sibi
1085 949 1251 1006 sponte
1271 943 1472 990 oblatam
1486 943 1708 999 obtinuit3

308 1028 588 1084 acceptaque
626 1020 823 1083 conjuge
856 1035 1019 1066 sorore
1050 1019 1305 1075 Walrandi,
1341 1019 1523 1066 comitis
1561 1019 1711 1066 Sancti

306 1097 450 1154 Pauli,
478 1113 584 1144 cum
606 1097 706 1159 ipsa
730 1113 824 1143 non
852 1095 1049 1142 multum
1076 1101 1182 1158 post
1205 1095 1252 1142 in
1278 1095 1549 1143 comitatum
1576 1111 1712 1143 suum

307 1173 445 1220 rediit
471 1178 517 1220 et
541 1173 647 1220 duci
666 1172 949 1236 Andegavie‚
973 1177 1135 1218 contra
1155 1171 1388 1234 prefatum
1408 1173 1629 1219 Karolum
1653 1171 1712 1218 de

306 1252 439 1306 Pace,
470 1255 695 1311 quantum
720 1248 888 1311 potuit,
917 1247 1203 1310 adjutorium
1228 1247 1499 1311 impendit2.

372 1325 694 1381 Postmodum,
731 1324 865 1387 xxiija
891 1323 966 1370 die
999 1323 1173 1370 mensis
1208 1323 1434 1388 augustiss,
1468 1339 1553 1370 rex
1586 1323 1714 1370 venit

306 1401 508 1447 Parisius
541 1405 588 1447 et
619 1399 787 1446 locavit
822 1416 872 1445 se
909 1399 956 1445 in
990 1402 1188 1462 Lupara.
1228 1402 1408 1455 Postea,
1447 1399 1521 1446 die
1559 1398 1714 1446 Sancti

306 1476 546 1533 Ludovici,
570 1476 698 1523 venit
720 1476 765 1522 in
786 1476 937 1522 aulam
960 1475 1122 1538 palacii
1148 1491 1256 1522 cum
1280 1475 1476 1523 ducibus
1502 1479 1714 1540 Burgun-

307 1553 382 1600 die
419 1558 465 1600 et
502 1552 741 1608 Borbonii,
782 1551 1154 1599 conestabulario
1191 1552 1249 1598 de
1287 1551 1506 1610 Cliconio,
1545 1551 1714 1599 comite

306 1629 424 1693 Augi
450 1634 497 1676 et
523 1628 734 1691 pluribus
765 1628 888 1684 aliis;
923 1628 1094 1690 quibus
1128 1644 1270 1689 supra
1297 1628 1441 1690 pedes
1475 1628 1713 1675 existenti-

306 1704 411 1760 bus,
440 1720 580 1767 supra
604 1719 815 1750 mensam
837 1719 1150 1750 marmoream
1176 1703 1283 1750 fecit
1306 1703 1472 1750 ducem
1499 1707 1713 1767 Burgun-

306 1781 381 1827 die
396 1780 724 1842 pronunciare,
749 1779 876 1841 quod
890 1795 997 1825 cum
1017 1779 1219 1843 Anglicis
1238 1795 1333 1826 non
1350 1785 1534 1842 poterat
1548 1796 1712 1842 pacem

306 1873 391 1904 nec
416 1856 624 1903 inducias
645 1856 856 1903 obtinere
880 1861 925 1902 et
950 1855 1078 1918 quod
1099 1872 1185 1918 per
1204 1855 1302 1919 ejus
1322 1855 1566 1903 consilium
1585 1855 1713 1903 ordi-

305 1938 465 1979 natum
499 1932 650 1979 fuerat
681 1931 808 1994 quod
840 1931 927 1977 iret
962 1931 1007 1977 in
1032 1931 1325 1993 Aquitaniam
1361 1931 1419 1978 ad
1452 1931 1711 1978 faciendam

305 2025 523 2072 guerram
567 2013 728 2055 contra
770 2007 984 2071 Anglicos
1024 2012 1069 2053 et
1112 2006 1471 2054 deffendendum
1513 2008 1712 2069 patriam

305 2100 463 2141 suam,
502 2084 672 2146 quibus
706 2089 858 2129 tamen
902 2081 1134 2129 obtulerat
1170 2098 1258 2144 pro
1298 2099 1412 2145 pace
1459 2082 1712 2130 obtinenda

303 2160 434 2224 xxijas
458 2160 669 2207 civitates
700 2160 747 2205 in
779 2176 923 2223 regno
959 2159 1088 2206 suo4.
1118 2162 1305 2205 Necnon
1340 2159 1539 2207 instituit
1576 2176 1712 2207 suum

355 2273 384 2307 1.
410 2271 505 2308 Voir
525 2271 609 2317 plus
630 2271 738 2315 haut,
760 2275 787 2305 t.
811 2269 861 2314 II,
883 2280 918 2315 p.
943 2269 1006 2305 3⁶21
1031 2273 1068 2305 et
1089 2269 1170 2305 323.

351 2329 384 2365 2.
408 2330 564 2366 Nicolas
585 2328 816 2375 d'Enghien,
839 2333 965 2364 comte
986 2327 1031 2363 de
1047 2328 1184 2373 Lacca,
1203 2327 1331 2364 donna
1353 2338 1401 2363 en
1425 2328 1513 2364 effet
1535 2339 1587 2364 un
1607 2327 1711 2375 plein
1763 2361 1766 2366 .

306 2400 493 2425 concours
509 2389 531 2423 a
546 2388 661 2424 Louis
678 2387 845 2434 d’Anjou
864 2387 923 2428 (N.
940 2386 1085 2431 Valois,
1102 2388 1318 2432 Eoepe'dz'tion
1332 2392 1364 2423 et
1378 2391 1474 2423 mort
1487 2389 1528 2422 de
1545 2389 1648 2423 Louis
1663 2390 1712 2423 Ι(π

304 2447 462 2491 (Z'Anjou
483 2456 527 2480 en
548 2446 665 2489 ltalia,
687 2446 799 2481 Revue
818 2446 876 2479 des
898 2444 1086 2487 Questz'ons
1106 2445 1334 2489 historiques,
1361 2446 1414 2480 1⁰¹*
1431 2443 1585 2491 janvier
1605 2444 1710 2489 1894,

304 2515 340 2550 p.
366 2504 461 2549 131).

352 2562 386 2598 3.
412 2575 427 2595 «
451 2561 564 2598 Circa
594 2561 710 2596 finem
739 2560 884 2595 mensis
911 2559 1078 2606 augusti,
1102 2573 1117 2592 »
1147 2559 1201 2596 dit
1227 2571 1320 2596 avec
1346 2572 1420 2608 peu
1447 2561 1493 2597 (18
1518 2561 1710 2608 precision

304 2620 338 2656 18
354 2620 561 2666 Religieux
582 2619 626 2654 de
647 2618 908 2664 Saint-Denys
931 2618 969 2657 (t.
987 2617 1019 2663 Ι,
1034 2628 1069 2663 p.
1090 2618 1182 2663 178).
1200 2618 1254 2654 La
1276 2619 1484 2664 chronique
1503 2620 1561 2654 des
1581 2623 1711 2663 quatre

300 2682 479 2724 premiers
499 2681 614 2715 Valois
637 2684 683 2725 (p.
701 2678 779 2719 305)
797 2677 925 2713 donne
947 2676 1072 2712 moins
1088 2676 1132 2712 (18
1153 2676 1288 2713 details
1305 2688 1457 2714 encore.
1476 2678 1528 2713 Le
1543 2677 1587 2713 22
1604 2680 1709 2722 aeut,

304 2738 464 2773 Charles
495 2738 560 2783 VI,
584 2743 770 2773 revenant
799 2736 849 2771 du
877 2735 1140 2781 SoissonnaiS,
1169 2736 1261 2772 etait
1288 2736 1310 2772 a
1336 2737 1477 2772 Meaux
1505 2735 1563 2781 (Ε.
1591 2735 1708 2782 Petit,

307 2796 455 2841 Scfy'ours
475 2798 516 2831 (Ie
539 2797 689 2833 (Μανιος
716 2797 766 2839 VI,
788 2806 824 2841 p.
850 2794 919 2839 14).

351 2855 385 2890 4.
410 2855 462 2891 Le
488 2855 608 2892 baron
638 2855 794 2901 Kervyn
814 2853 859 2889 de
880 2853 1119 2889 Lettenhovc
1140 2864 1162 2889 a
1181 2854 1310 2900 public
1339 2854 1434 2890 dans
1464 2864 1533 2890 son
1563 2852 1706 2889 edition
