1941 3294
227 268 330 315 1405]
503 270 872 304 CHRONOGRAPHIA
897 271 1049 304 REGUM
1074 271 1354 304 FRANGORUM.
1560 268 1627 306 255

288 347 576 412 Jamjamque
610 347 792 411 fastigia
820 364 1062 395 murorum
1089 348 1298 395 scansuri
1323 353 1370 395 et
1395 364 1481 411 per
1506 349 1628 395 muri

224 424 603 472 subcavationem
641 423 798 470 villam
833 423 1066 480 intraturi,
1099 423 1274 486 repulsi
1305 424 1363 470 ab
1395 423 1629 471 Arderen-

225 501 353 548 sibus
390 499 785 548 cohortationibus
828 500 1028 547 duorum
1069 506 1369 546 strenuorum
1409 500 1624 556 militum,

223 578 488 640 Lisquensis
514 575 726 623 videlicet
749 576 924 623 domini
949 582 994 624 et
1021 576 1251 624 Mansardi
1277 575 1335 623 de
1358 579 1523 631 Bosco,
1549 575 1629 638 qui

223 654 362 701 ambo
387 653 446 701 ad
471 653 692 700 auxilium
711 669 876 700 eorum
902 670 1071 716 parum
1097 660 1204 700 ante
1230 652 1518 709 advolantes,
1542 652 1630 699 ibi-

221 730 330 777 dem
364 731 423 778 de
454 745 643 777 suarum
675 730 948 777 strenuitate
980 745 1288 793 personarum
1320 730 1465 776 multa
1500 745 1626 776 com-

219 806 448 854 m1serunt
498 806 749 868 hostesque
797 806 905 853 inde
954 806 1194 869 repulsos,
1241 805 1470 869 quosdam
1514 822 1629 852 vero

220 883 398 930 occisos
432 882 640 946 aliosque
666 882 899 945 lapidibus
934 883 1130 930 obrutos
1169 899 1251 931 seu
1284 883 1443 930 tractis
1468 883 1629 930 vulne-

219 964 462 1006 raverunt.
498 959 837 1022 Quinquaginta
865 975 979 1006 vero
1005 959 1080 1005 vel
1106 958 1226 1005 circa
1251 958 1426 1005 ibidem
1451 959 1628 1006 occisos

218 1035 503 1092 referuntur,
539 1052 742 1098 quorum
777 1035 1004 1082 cadavera
1038 1053 1064 1082 a
1100 1035 1495 1083 commilitonibus
1534 1035 1629 1083 suis

218 1111 483 1176 Anglicanis
520 1112 710 1159 collecta
743 1118 789 1159 et
821 1113 867 1158 in
905 1112 1157 1174 quamdam
1187 1117 1397 1159 veterem
1435 1112 1630 1160 domum

218 1188 342 1235 haud
367 1187 503 1252 longe
523 1206 549 1235 a
568 1189 675 1235 villa
688 1189 874 1252 jactata,
903 1189 1135 1236 unasimul
1153 1188 1355 1236 flammis
1377 1189 1630 1237 succende-

217 1271 351 1321 runt3
379 1271 426 1312 et
454 1264 520 1311 sic
544 1264 607 1311 illi
635 1265 861 1312 Calesium
887 1265 1071 1329 inglorii
1096 1265 1273 1312 reversi
1301 1271 1427 1312 sunt.

282 1344 428 1388 Porro
465 1341 510 1387 in
551 1341 743 1397 Calesio,
782 1341 840 1388 de
878 1341 1081 1405 Anglicis
1111 1342 1366 1388 vulneratis
1400 1342 1447 1388 in
1479 1341 1628 1404 prelio

216 1416 341 1480 apud
380 1420 501 1464 Mero
538 1417 596 1464 de
634 1422 787 1464 tractu
824 1418 1144 1465 Janniencium
1183 1424 1229 1465 et
1267 1419 1414 1465 eciam
1452 1418 1500 1465 in
1538 1418 1627 1465 hoc

216 1493 392 1540 assultu
431 1492 636 1548 Ardere,
689 1492 821 1540 multi
870 1493 1204 1550 decesserunt;
1259 1500 1456 1557 propter
1500 1493 1628 1556 quod

217 1569 467 1616 voluerunt
485 1569 626 1616 morti
645 1568 832 1616 tradere
858 1586 1022 1617 omnes
1046 1573 1300 1618 Jannenses
1321 1587 1440 1632 quos
1460 1569 1629 1633 prisio—

217 1645 372 1693 narios
386 1645 674 1702 detinebant,
687 1663 744 1693 eo
756 1646 883 1709 quod
894 1663 979 1694 suo
989 1652 1140 1694 tractu
1153 1663 1390 1694 venenoso
1404 1646 1449 1693 in
1462 1646 1629 1694 eodem

217 1721 364 1785 prelio
391 1737 472 1769 eos
497 1721 878 1778 vulneraverunt,
909 1727 962 1769 ut.
987 1721 1221 1769 dicebant.

273 1800 439 1847 Comes
456 1799 610 1861 itaque
624 1799 778 1846 Sancti
798 1799 924 1846 Pauli
937 1799 996 1846 ad
1017 1816 1067 1847 se
1080 1799 1457 1862 recuperandum
1477 1800 1628 1847 inten-

215 1882 308 1932 tus,
323 1882 368 1923 et
380 1876 438 1923 ad
450 1877 538 1923 hoc
548 1892 635 1939 per
651 1875 820 1923 ducem
836 1876 1215 1924 Aurelianensem
1230 1876 1492 1924 litteraliter
1503 1877 1628 1924 exci-

214 1960 355 2010 tatus,
393 1953 550 2000 statim
578 1960 686 2016 post
719 1969 853 2000 suum
897 1953 1164 2017 hujusmodi
1200 1953 1506 2000 infortunium
1539 1970 1625 2017 per

215 2046 404 2077 omnem
424 2030 682 2077 Picardiam
709 2029 947 2077 mandavit
972 2047 1061 2094 pro
1090 2030 1258 2078 milicia
1285 2037 1331 2077 et
1357 2030 1626 2078 hominibus

214 2123 472 2154 armorum.
489 2110 724 2155 Venerunt
743 2123 857 2171 ergo
875 2107 933 2155 ad
951 2107 1123 2170 ipsum,
1141 2124 1196 2154 eo
1214 2107 1259 2154 in
1275 2107 1478 2155 Morino1
1500 2107 1624 2156 exis-

215 2189 359 2240 tente,
383 2184 615 2231 Johannes
648 2183 706 2231 de
741 2186 934 2241 Craone,
962 2184 1094 2231 miles
1119 2184 1303 2231 Domini
1329 2184 1561 2232 Medardi2
1579 2190 1626 2232 et

214 2260 413 2309 Jacobus
428 2261 487 2308 de
502 2261 790 2314 Castellione,
815 2261 945 2308 miles
963 2264 1330 2324 Dompnepetre,
1349 2261 1622 2324 dominique

215 2337 274 2385 de
291 2337 500 2393 Morolio,
517 2337 771 2400 Crequiaci,
788 2337 846 2385 de
861 2339 1114 2394 Fosseutis,
1129 2338 1187 2385 de
1203 2338 1365 2395 Chino‚
1384 2341 1625 2386 Honcour-

213 2414 432 2462 dicurtis3
468 2420 513 2460 et
547 2414 678 2461 multi
711 2414 803 2470 alii,
832 2414 879 2461 in
911 2420 1092 2462 tantum
1124 2414 1251 2478 quod
1284 2413 1445 2462 habuit
1477 2431 1625 2477 usque

213 2489 270 2536 ad
297 2489 665 2554 quadringentos
691 2489 961 2537 bachinetos
981 2490 1222 2538 hominum
1250 2506 1508 2537 armorum,
1534 2490 1624 2537 Sed

263 2633 296 2668 1.
319 2631 593 2668 The'rouanne.

261 2690 296 2727 2.
318 2691 418 2726 Jean
438 2690 483 2726 de
506 2689 646 2736 Craon,
669 2689 848 2737 seigneur
868 2689 913 2726 de
935 2691 1112 2729 Domart.

265 2748 299 2785 3.
322 2748 425 2785 C'est
445 2749 478 2785 le
501 2748 683 2796 seigneur
702 2748 747 2785 de
768 2749 983 2787 Honcourt.
