1941 3294
347 316 412 353 130
622 320 991 352 CHRONOGRAPHIA
1015 319 1168 351 REGUM
1190 317 1470 351 FRANCORUM.
1633 313 1739 361 [1396

343 399 549 455 Francie,
587 399 812 446 Henricus
838 404 884 445 et
915 396 1155 459 Philippus
1185 397 1244 445 de
1271 401 1434 451 Barro,
1471 396 1738 443 consobrini

341 476 464 539 regis
501 475 707 531 Francie,
750 474 966 522 dominus
1003 473 1290 529 Couchiachi,
1329 489 1487 519 comes
1522 473 1736 529 Marchie,

342 552 490 600 Guido
516 552 573 599 de
599 552 641 598 la
675 550 938 603 Trimoulla,
974 554 1132 596 custos
1163 555 1210 596 et
1238 549 1523 613 gubernator
1559 549 1739 596 comitis

339 627 638 673 Nivernensis
685 624 980 689 primogeniti
1021 625 1286 688 Burgundio
1332 624 1485 679 ducis,
1536 640 1738 686 quorum

339 702 548 749 omnium
574 701 698 748 idem
723 716 879 748 comes
902 699 1200 747 Nivernensis
1225 700 1376 747 extitit
1401 704 1541 761 caput
1567 705 1613 746 et
1641 715 1741 746 ma-

338 779 482 842 gister
511 778 570 825 ad
601 777 808 825 eundum
838 782 999 823 contra
1025 779 1197 823 Turcos
1223 792 1328 822 curn
1355 774 1652 839 Sigismundo
1680 774 1740 822 de

337 855 571 910 Bohemia,
595 870 704 917 rege
725 852 974 916 Hungarie,
998 852 1182 899 racione
1202 852 1362 900 uxoris
1382 868 1480 908 sue,
1509 857 1562 898 ut
1579 851 1740 916 vulga-

337 931 449 978 riter
470 930 756 978 dicebatur¹.

398 1014 531 1060 Anno
566 1011 797 1074 sequenti,
833 1010 1006 1058 scilicet
1039 1010 1092 1058 M⁰
1110 1011 1216 1060 CGC⁰
1250 1011 1551 1074 nonagesimo
1582 1016 1735 1067 sexto,

333 1089 430 1136 dux
464 1089 681 1137 Albertus
713 1087 760 1134 in
786 1087 997 1143 Bavaria,
1029 1104 1188 1135 comes
1216 1087 1440 1144 Hanonie,
1478 1086 1734 1142 Hollandie,

333 1164 560 1220 Zelandie,
593 1170 705 1220 etc„
733 1180 840 1211 cum
869 1179 1039 1227 magno
1065 1163 1272 1210 exercitu
1303 1163 1349 1210 in
1376 1179 1470 1226 quo
1491 1168 1623 1209 erant
1646 1162 1740 1210 XXti

333 1240 456 1286 milia
473 1239 849 1286 Holandistarum
864 1245 909 1285 et
926 1238 1049 1285 mille
1070 1238 1275 1285 sexcenti
1294 1244 1390 1284 tam
1413 1238 1581 1285 milites
1599 1253 1740 1300 quam

333 1315 556 1370 scutiferi,
587 1322 683 1362 tam
718 1314 776 1362 de
811 1315 1016 1362 Hanonia
1043 1331 1185 1377 quam
1216 1314 1275 1361 de
1310 1313 1409 1360 aliis
1444 1313 1585 1361 terris
1622 1312 1735 1368 suis,

331 1391 444 1438 abiit
468 1392 514 1437 in
546 1391 739 1438 Frisiam
766 1390 823 1437 ad
848 1406 951 1438 eam
979 1389 1339 1454 expugnandam
1361 1396 1406 1437 et
1430 1389 1518 1436 sibi
1545 1388 1739 1452 vestigia

333 1484 526 1515 suorum
576 1467 963 1530 predecessorum
1014 1466 1304 1530 insequendo
1349 1465 1734 1530 subjugandam?

330 1548 472 1592 Erant
498 1544 644 1592 eciam
669 1561 776 1591 cum
799 1561 855 1590 eo
879 1544 1077 1590 Kar-olus
1101 1543 1159 1590 de
1183 1544 1402 1599 Arbreto,
1428 1542 1738 1590 consobrinus

327 1620 428 1684 regi
472 1625 758 1668 Francorum
799 1621 987 1676 Karolo,
1031 1620 1328 1675 Walrandus,
1380 1636 1540 1667 comes
1585 1618 1738 1666 Sancti

327 1697 452 1744 Pauli
478 1703 524 1744 et
544 1697 803 1744 vicecomes
829 1696 1092 1752 Meldensis,
1124 1696 1226 1743 loco
1249 1696 1431 1743 comitis
1455 1695 1734 1750 Blesensis3,

327 1773 595 1821 consobrini
630 1773 839 1836 ejusdem
873 1772 1005 1819 ducis
1031 1772 1225 1829 Alberti‚
1268 1788 1468 1820 unacum
1495 1771 1736 1820 Guillelmo

325 1850 492 1896 comite
516 1849 798 1901 Ostrevanti,
828 1849 938 1896 dicti
963 1848 1141 1896 Alberti
1167 1848 1298 1896 ducis
1325 1847 1658 1912 primogenito.

390 1932 461 1979 Hii
481 1932 707 1979 intrantes
722 1948 867 1988 mare,
885 1932 1212 1994 applicuerunt
1233 1932 1293 1979 ad
1313 1931 1567 1995 quemdam
1581 1931 1736 1978 locum

326 2009 511 2055 nomine
544 2008 793 2064 Cubrues4,
825 2007 1078 2054 distantem
1102 2008 1255 2055 tribus
1288 2008 1430 2055 leucis
1459 2007 1518 2054 ab
1552 2006 1736 2054 abbatia

375 2172 406 2208 1.
433 2173 640 2217 Chronique
672 2174 722 2207 clu
754 2173 940 2216 Reliyz'euoe
972 2173 1013 2207 de
1044 2172 1309 2217 Saint-Denys,
1345 2177 1373 2207 t.
1405 2171 1464 2218 ΙΙ,
1494 2182 1531 2218 p.
1566 2171 1647 2207 428.
1682 2171 1735 2207 Le

328 2236 454 2267 comte
474 2230 519 2266 de
541 2231 688 2267 Nevers
707 2230 824 2277 partit
844 2230 889 2265 de
914 2230 1022 2265 Paris
1043 2230 1077 2265 le
1098 2230 1118 2266 6
1139 2231 1230 2266 aout
1252 2230 1355 2266 1396.

372 2295 406 2331 2.
431 2295 485 2330 La
508 2295 716 2340 Chronique
736 2296 786 2329 du
806 2295 993 2339 Reltqteuoe
1023 2295 1063 2329 de
1090 2293 1355 2338 Satnt-Denys,
1386 2299 1414 2329 t.
1436 2293 1488 2339 Π,
1513 2304 1548 2340 p.
1580 2293 1663 2339 430,
1685 2303 1734 2329 ne

326 2353 380 2389 dit
407 2364 479 2401 que
506 2365 580 2400 peu
607 2352 652 2389 de
679 2353 817 2389 choses
843 2352 889 2388 de
916 2358 1016 2389 cette
1048 2363 1263 2398 campagne
1290 2358 1327 2388 et
1357 2363 1406 2388 ne
1438 2351 1542 2399 parle
1569 2362 1641 2399 que
1667 2351 1734 2388 des

325 2412 552 2459 preparatifs
573 2411 710 2459 qu'elle
731 2411 937 2448 necessita.
969 2411 1020 2447 Le
1050 2411 1171 2447 baron
1193 2411 1353 2458 Kervyn
1383 2410 1428 2447 de
1455 2411 1692 2447 Lettenhove
1712 2421 1735 2446 a

326 2471 473 2518 signal&
502 2472 688 2518 quelques
713 2471 943 2507 documents
974 2470 1119 2506 relatifs
1153 2471 1175 2506 a
1207 2476 1308 2507 cette
1343 2481 1481 2517 guerre
1514 2469 1733 2516 OEroissart,

326 2536 353 2567 t.
384 2530 496 2577 XVI,
526 2542 561 2577 p.
594 2530 689 2574 309).
720 2529 914 2566 Froissart
941 2528 989 2565 l'a
1017 2530 1194 2566 resumee
1224 2530 1262 2575 (t.
1296 2529 1386 2575 XV,
1416 2541 1451 2576 p.
1480 2529 1562 2573 226,
1591 2529 1672 2574 276)
1695 2533 1732 2564 et

325 2597 477 2626 montre
499 2590 637 2637 qu'elle
657 2589 798 2626 debuta
819 2601 866 2625 au
889 2595 1225 2625 commencement
1246 2589 1375 2625 d’aosn
1396 2588 1485 2625 1396
1509 2591 1556 2635 (p.
1579 2588 1676 2635 283).

373 2654 407 2690 3.
430 2655 483 2690 Le
499 2654 727 2701 contingent
742 2652 910 2701 francais
925 2653 1188 2700 qu’obtinrent
1203 2653 1351 2690 Aubert
1366 2658 1402 2689 et
1418 2663 1488 2689 son
1504 2652 1564 2688 fils
1577 2651 1731 2697 s'eleva,

326 2713 431 2749 selon
452 2712 655 2758 Froissart‚
679 2713 702 2747 a
723 2712 789 2748 500
812 2711 944 2747 lances
966 2712 1090 2757 (lbid.‚
1112 2722 1149 2758 p.
1172 2711 1270 2757 280).

375 2778 407 2813 4.
432 2777 490 2813 Ou
512 2776 704 2823 Cundren,
727 2776 874 2823 d’apres
896 2776 1087 2812 Froissart
1109 2782 1147 2822 (t.
1178 2776 1269 2823 XV,
1293 2787 1327 2823 p.
1359 2776 1456 2820 ⁴287),
1485 2774 1732 2823 auj0urd'hui
