1941 3294
215 303 320 350 1398]
490 306 860 339 CHRONOGRAPHIA
886 306 1038 339 REGUM
1062 305 1340 338 FRANCORUM.
1547 307 1612 342 155

214 383 347 431 cendi
374 383 607 431 dimittere
634 399 727 429 non
753 383 984 438 valebant,
1014 382 1101 429 nisi
1127 382 1341 445 culpabili
1366 383 1614 433 traditione

215 459 494 522 reprehendi
511 475 593 506 seu
607 458 834 505 diffamari
850 459 1018 506 vellent
1031 464 1078 505 et
1094 459 1239 522 quod,
1260 459 1416 506 audita
1436 460 1615 525 collegii

215 536 517 583 cardinalium
557 535 884 599 responsione,
926 536 1266 599 responderent
1306 542 1445 600 prout
1480 537 1616 585 fuerit

214 613 412 660 racionis
445 619 492 660 et
530 613 617 660 sibi
655 612 804 659 visum
842 613 979 659 fuerit
1015 612 1262 676 expedire3
1298 630 1615 677 expressaque

214 688 388 736 eisdem
415 688 717 735 cardinalium
743 688 978 751 opinione,
1007 688 1239 736 convincti
1265 688 1417 737 sunt1.

278 769 402 813 Tunc
432 765 660 828 temporis
692 767 815 828 Papa
852 781 1067 829 magnam
1106 765 1347 812 hominum
1376 781 1617 812 armorum

212 841 529 903 provisionem
565 841 868 905 congregavit
899 841 945 887 in
978 841 1154 904 palacio
1185 858 1333 904 usque
1365 841 1422 889 ad
1453 858 1617 889 nume—

212 935 316 965 rum
341 920 520 967 ccctfflm
549 917 885 981 quinquaginta
917 925 963 964 et
994 918 1210 981 amplius.
1244 922 1391 966 Porro
1419 919 1493 966 die
1526 936 1616 982 qua

211 994 410 1042 sindices
436 1010 571 1042 suum
591 993 822 1041 dederunt
847 1010 1143 1057 responsum,
1168 997 1290 1057 Papa
1309 995 1430 1043 circa
1449 1011 1616 1058 vespe-

212 1087 317 1117 rum
345 1071 474 1117 nisus
500 1076 570 1117 est
601 1086 768 1133 capere
804 1086 1002 1132 parvum
1036 1071 1263 1134 palacium
1297 1088 1381 1134 per
1411 1072 1618 1120 Cathala-

213 1163 380 1194 nenses
423 1153 468 1196 et
508 1148 881 1211 Arragonenses3
931 1146 1014 1193 sed
1058 1147 1258 1194 sindices
1298 1147 1394 1211 jam
1441 1147 1616 1195 ibidem

212 1223 454 1272 dominum
481 1227 669 1271 Petrum
696 1223 887 1271 Caudun
913 1223 1203 1286 capitaneum
1233 1231 1486 1287 posuerant
1510 1240 1617 1271 cum

212 1301 395 1349 circiter
432 1300 697 1347 hominibus
734 1315 974 1346 armorum
1001 1314 1063 1347 XL
1098 1306 1145 1346 et
1179 1299 1446 1346 victualium
1484 1299 1616 1364 copia

212 1377 477 1424 sufficienti.

274 1455 398 1516 Papa
427 1468 614 1514 quoque
645 1468 842 1499 cernens
867 1451 994 1514 quod
1026 1452 1181 1515 ipsum
1213 1452 1366 1500 locum
1398 1452 1617 1515 precibus

211 1535 289 1576 aut
324 1528 498 1575 virtute
539 1529 730 1576 minime
764 1529 940 1576 valeret
977 1528 1242 1592 acquirere,
1286 1535 1420 1577 nocte
1456 1529 1618 1577 subse-

211 1604 371 1668 quenti
397 1605 504 1652 fecit
526 1605 628 1668 capi
655 1621 867 1669 grossam
889 1611 1067 1652 turrem
1089 1605 1244 1668 pontis
1268 1622 1322 1653 ac
1340 1606 1618 1654 victualibus

211 1682 405 1739 muniri3
428 1683 880 1745 combusseruntque
900 1689 1090 1745 pontem
1111 1682 1155 1729 in
1176 1688 1314 1729 nocte
1334 1682 1617 1745 precedente

211 1759 380 1806 festum
412 1775 613 1822 sequens
644 1761 808 1806 Sancte
839 1758 997 1807 Crucis
1028 1758 1238 1822 ejusdem
1268 1759 1424 1815 anni2,
1453 1763 1617 1807 tenue-

211 1842 412 1899 runtque
428 1842 608 1883 turrem
625 1836 722 1882 fere
736 1835 878 1883 trium
895 1835 1262 1899 septimanarum
1279 1836 1452 1899 spacio,
1469 1835 1617 1884 donec

210 1913 268 1960 ab
295 1912 620 1960 obsessoribus
645 1918 742 1959 tota
766 1912 1016 1959 subcavata
1045 1919 1115 1960 est
1142 1929 1387 1976 quousque
1415 1912 1617 1976 disposi-

208 1995 311 2037 tum
331 1996 453 2037 esset
478 1989 535 2036 ad
562 1990 717 2053 ignem
744 1989 1124 2052 supponendum.

274 2065 576 2115 Considerato
597 2065 739 2130 igitur
765 2065 892 2128 quod
918 2065 1062 2112 turris
1081 2065 1339 2113 destructio
1355 2065 1615 2129 dampnosa

209 2148 350 2200 esset,
376 2143 648 2190 obsessores
667 2148 986 2189 tractaverunt
1005 2158 1111 2189 cum
1131 2141 1355 2199 obsessis,
1379 2143 1457 2190 tali
1480 2148 1616 2206 pacto

210 2219 337 2282 quod
357 2219 562 2266 obsessis
587 2218 810 2265 darentur
836 2218 956 2265 mille
981 2218 1126 2265 franci
1147 2219 1247 2266 auri
1273 2225 1319 2265 et
1339 2219 1535 2267 batellus
1557 2219 1616 2267 ad

210 2295 544 2360 egrediendum
564 2312 649 2358 per
668 2294 913 2342 Rodanum
934 2301 980 2343 et
996 2295 1123 2358 quod
1140 2311 1305 2343 eorum
1326 2295 1611 2358 capitaneus,

210 2389 315 2420 cum
333 2371 515 2419 duobus
534 2371 627 2418 suis
650 2366 959 2435 nepotibus'et
977 2371 1254 2419 victualibus
1272 2389 1363 2435 que
1380 2372 1440 2419 ibi
1460 2378 1611 2428 erant,

209 2448 338 2495 salvo
364 2447 595 2494 conductu
621 2452 814 2511 possent
844 2447 912 2494 ire
938 2447 996 2494 ad
1027 2447 1299 2510 palacium3.
1328 2447 1423 2494 Hiis
1455 2447 1615 2494 condi-

258 2602 290 2636 1.
314 2601 368 2637 Cf.
403 2599 606 2641 Froissart,
636 2599 694 2635 ed.
726 2600 885 2647 Kervyn
915 2599 960 2635 de
992 2600 1246 2643 Lettenhove‚
1277 2606 1304 2635 t.
1334 2600 1446 2643 XVI,
1469 2611 1503 2646 p.
1530 2600 1611 2643 128,

208 2660 300 2696 dont
322 2661 358 2695 la
379 2659 541 2696 relation
562 2659 610 2694 du
634 2658 737 2705 siege
757 2658 977 2707 d'Avignon
998 2665 1056 2696 est
1077 2670 1168 2696 sans
1189 2670 1316 2696 aucun
1336 2659 1494 2696 interet.

254 2719 290 2756 2.
313 2718 561 2756 C’est-a-dire
582 2717 618 2753 la
638 2717 726 2753 nuit
745 2717 794 2753 du
817 2718 859 2754 13
881 2729 928 2754 au
951 2718 992 2755 14
1015 2718 1246 2765 septembre.

259 2777 291 2815 3.
315 2777 370 2814 Cf.
393 2777 553 2821 Baluze,
581 2777 664 2813 Vz'tae
684 2779 871 2823 Paparum
891 2779 1215 2824 Avenionemium,
1236 2782 1263 2813 t.
1286 2777 1337 2823 Π,
1358 2776 1431 2813 col.
1455 2776 1558 2813 11‘24.
