1941 3294
190 277 293 324 1394]
468 280 838 312 CHRONOGRAPHIA
864 279 1017 312 REGUM
1041 278 1321 311 FRANCORUM.
1525 274 1591 311 123

193 379 215 405 α
246 366 340 407 tem
378 359 600 407 indicium
638 363 684 405 et
714 359 870 422 magni
902 359 1073 423 pignus
1111 358 1285 406 amoris
1321 357 1597 406 habebimus

195 456 215 481 (ι
247 442 294 483 et
324 436 469 483 vestri
503 435 780 497 beneplaciti
818 436 1002 500 cognita
1032 435 1287 482 intentione
1322 451 1407 482 nos
1445 433 1598 481 eidem

194 532 214 558 <1
245 514 540 560 conformare
560 512 606 558 in
632 512 823 575 agendis
845 513 1091 560 enitemur.
1115 516 1179 560 De
1204 512 1324 560 illius
1347 511 1597 559 concordia

195 590 518 646 «turbatoris,
563 606 619 636 ne
657 589 779 636 aliud
820 590 865 636 in
907 607 1013 638 eum
1056 591 1283 646 dicamus,
1324 589 1597 651 exequenda

195 686 215 711 a
247 666 520 730 pugnitione
538 665 656 712 sicut
676 670 886 713 vestrum
904 666 1285 729 predecessorem
1306 664 1592 721 monuimus,

195 762 215 787 <1
247 743 310 790 ita
343 749 557 805 tempore
588 757 795 805 congruo
831 759 915 789 vos
946 759 1138 790 monere
1168 742 1468 790 intendimus.
1508 741 1598 788 Sed

196 840 214 864 (ς
248 826 297 867 ut
325 825 395 866 tot
429 818 565 866 simul
600 818 793 882 agendis
822 820 1164 867 Beatitudinem
1194 826 1401 866 vestram
1432 834 1598 865 onere-

192 915 212 940 «
246 913 368 951 mus,
397 895 443 941 in
471 911 666 958 presens
687 896 1067 958 supersedemus.
1091 900 1274 951 Vestro,
1304 899 1440 943 Pater
1466 910 1597 941 sanc-

193 992 212 1016 «
246 972 441 1027 tissime,
460 971 687 1035 ingressui
708 972 905 1035 Spiritus
920 975 1115 1020 Sanctus
1129 972 1354 1036 adspiret,
1373 987 1595 1035 progres-

193 1067 212 1091 «
245 1047 315 1094 sui
352 1063 511 1094 comes
546 1046 666 1093 adsit
707 1047 919 1110 felicique
960 1047 1006 1094 in
1047 1064 1238 1112 egressu
1273 1064 1359 1094 vos
1390 1047 1594 1094 assistat.

194 1143 214 1168 ε(
246 1126 410 1172 Amen.
441 1144 461 1167 n

259 1225 278 1250 «
309 1205 703 1254 Reverendissimi
729 1205 933 1268 patres1‚
961 1205 1210 1252 scribimus
1227 1205 1416 1252 domino
1435 1209 1596 1251 nostro

194 1302 213 1326 <‹
246 1284 438 1330 Summo
470 1281 677 1328 Pontifici
711 1297 855 1344 super
888 1281 1058 1329 unione
1094 1288 1252 1329 sancte
1283 1282 1363 1328 Dei
1395 1280 1598 1329 Ecclesie

194 1378 213 1402 «
244 1358 288 1404 in
315 1359 434 1405 hanc
459 1357 676 1404 formam.
706 1349 1013 1420 Quamquam,
1040 1363 1130 1404 etc.
1161 1360 1432 1421 Propterea,
1463 1373 1598 1403 reve-

193 1455 213 1480 «
245 1434 511 1482 rendissimi
538 1440 712 1497 patres,
740 1434 825 1481 toti
852 1440 1012 1481 vestro
1038 1451 1172 1482 sacro
1199 1434 1392 1498 collegio
1419 1440 1465 1481 et
1491 1450 1597 1481 ves-

192 1531 212 1557 «
244 1518 369 1559 trum
399 1511 649 1574 unicuique
682 1511 899 1559 omnibus
931 1511 1105 1568 cordis,
1140 1512 1336 1567 viribus,
1376 1511 1597 1574 omnique

192 1608 212 1633 «
244 1589 500 1637 humilitate
524 1589 857 1651 supplicamus,
884 1589 1102 1652 quatinus
1128 1589 1173 1636 in
1195 1589 1330 1653 hujus
1356 1590 1422 1636 rei
1447 1595 1597 1636 matu-

193 1685 213 1710 «
245 1666 393 1713 rando
418 1666 572 1722 inicio,
602 1682 709 1712 nam
742 1666 1041 1712 immaturato
1068 1682 1187 1728 opus
1214 1672 1301 1719 est,
1331 1666 1378 1712 in
1406 1682 1598 1729 promo-

193 1743 372 1789 «tione
411 1742 535 1804 quod
576 1758 764 1805 quoque
802 1742 925 1805 apud
971 1742 1190 1789 eumdem
1234 1742 1500 1797 dominum,
1552 1743 1596 1788 in

194 1839 214 1864 ε(
246 1819 373 1866 omni
405 1819 606 1882 denique
638 1819 966 1882 prosecutione
994 1825 1132 1882 atque
1159 1820 1407 1883 agitatione
1434 1836 1521 1883 pro
1547 1836 1596 1867 se

193 1916 213 1941 α
245 1897 442 1959 quisque
469 1902 626 1959 partes
654 1913 761 1943 suas
787 1895 1002 1943 laudabili
1029 1896 1335 1943 sollicitudine
1360 1896 1597 1944 intermis-

193 1992 212 2017 α
246 1989 350 2020 cere
376 1973 578 2020 studeat.
606 1973 696 2036 Ipsi
724 1973 916 2036 insuper
946 1972 1154 2030 domino,
1184 1990 1325 2036 quam
1351 1973 1503 2030 valde,
1537 1973 1595 2020 ad

192 2070 212 2094 «
245 2050 333 2096 hoc
353 2049 472 2096 affici
494 2049 679 2106 debeat,
709 2048 799 2111 ipsi
819 2049 982 2096 melius
1008 2049 1173 2106 nostis,
1203 2049 1452 2112 ipsumque
1479 2049 1596 2097 sicut

192 2146 212 2170 a
245 2125 479 2173 credimus
510 2125 682 2173 obinde
707 2125 927 2190 elegistis,
960 2126 1005 2172 in
1034 2143 1142 2189 ope,
1177 2126 1453 2189 patrocinio,
1487 2143 1595 2173 con-

192 2223 211 2247 «
245 2203 369 2257 silio,
418 2201 625 2249 subsidio
665 2202 927 2264 ceterisque
966 2202 1216 2266 generibus
1255 2202 1412 2250 auxilii
1454 2203 1597 2250 vestri

193 2297 212 2323 <1
245 2278 408 2325 adesse
445 2295 454 2324 2
493 2285 543 2325 ut
574 2278 701 2341 quod
735 2278 969 2326 salutifere
1000 2285 1156 2326 vestre
1189 2279 1426 2326 electionis
1460 2279 1595 2327 titulo

194 2374 213 2399 (ι
244 2353 490 2401 exordium
528 2355 776 2418 acceperit,
822 2371 1053 2418 prospero
1090 2371 1176 2418 per
1209 2372 1293 2402 vos
1335 2356 1481 2418 ipsos,
1515 2355 1595 2418 qui

192 2450 212 2475 α
245 2430 506 2494 spirituales
534 2431 662 2485 estis,
696 2431 851 2494 potius
883 2448 1024 2494 quam
1056 2449 1141 2495 per
1173 2438 1408 2479 terrenam
1436 2438 1595 2495 potes-

192 2526 212 2552 «
246 2513 388 2554 tatem
411 2513 762 2555 consummetur
787 2508 970 2556 effectu.
996 2512 1045 2556 In
1067 2525 1161 2572 quo
1181 2515 1227 2556 et
1247 2515 1455 2556 nostram
1482 2526 1594 2573 ope-

237 2683 268 2717 l.
292 2681 352 2717 Du
375 2681 539 2728 Boulay,
571 2683 732 2717 Historia
761 2685 1016 2720 universitatis
1043 2685 1275 2723 Parisiensis‚
1300 2689 1327 2719 t.
1357 2683 1427 2729 IV,
1449 2695 1485 2730 p.
1508 2684 1591 2730 716,

188 2747 224 2775 et
245 2740 448 2786 Froissart,
471 2740 528 2776 c'd.
551 2740 711 2787 Kervyn
732 2739 776 2776 de
798 2741 1052 2787 Lettenhove,
1075 2748 1101 2778 t.
1129 2741 1216 2786 XV,
1239 2753 1275 2788 p.
1299 2741 1380 2777 430.
