1941 3294
217 291 319 338 1394]
491 295 861 328 GHRONOGRAPHIA
886 295 1039 328 REGUM
1064 296 1201 329 FRANC
1208 297 1344 329 ORUM.
1552 296 1567 330 ’1
1580 296 1619 331 15

219 391 239 415 <1
271 372 422 419 dicem
451 389 554 419 esse
579 372 815 428 decuerat,
844 389 983 436 quem
1010 379 1056 419 et
1082 389 1168 420 nos
1193 373 1238 420 in
1266 374 1498 421 ulcionem
1532 375 1618 422 hu-

218 466 238 491 «
266 447 524 511 juscemodi
552 448 781 494 malorum
810 448 1116 512 appellamus,
1142 449 1448 512 imploramus
1480 457 1619 513 atque

216 544 237 569 «ι
269 531 588 588 expectamus.
623 527 739 571 Nam
770 524 829 571 de
867 525 1020 573 modis
1051 531 1097 573 et
1124 525 1344 573 remediis
1376 543 1462 589 per
1499 543 1619 590 quos

215 622 236 647 α
268 619 405 650 suum
431 602 728 666 dampnabile
752 603 1050 666 propositum
1075 603 1286 651 obtinere
1310 610 1504 651 conatus
1527 610 1616 659 est,

214 698 235 723 «ι
267 679 380 742 quid
411 679 575 726 attinet
603 678 837 726 scribere?
865 680 971 726 Noti
1000 697 1118 743 pene
1146 680 1363 728 omnibus
1395 687 1504 728 sunt
1532 697 1619 728 nec

215 775 235 800 α
267 756 405 803 etiam
445 756 574 820 digni
605 755 763 812 scribi,
801 773 858 802 ne
896 757 1114 820 paginam
1146 757 1264 804 hanc
1293 763 1504 804 nostram
1536 774 1618 805 sua

212 851 233 876 c
265 832 456 880 feditate
493 832 718 896 polluant.
762 836 816 880 Et
852 849 910 880 ne
950 840 1075 880 erret
1112 833 1372 881 estimando
1412 840 1619 882 secretos

213 928 233 953 <t
264 925 367 956 esse
384 909 504 964 illos,
528 909 640 957 satis
661 915 787 957 certe
805 910 977 957 scimus
992 927 1090 967 eos,
1113 911 1264 958 sciunt
1283 927 1447 959 omnes
1466 928 1617 975 prope

212 1006 231 1032 tx
261 986 455 1034 modum
468 992 515 1034 et
528 987 758 1035 mirantur
767 988 900 1052 regni
917 988 1052 1052 hujus
1066 988 1434 1036 christianissimi
1449 989 1614 1043 incole,

210 1084 231 1109 α
263 1065 409 1112 scient
435 1065 557 1127 proh
581 1064 736 1128 pudor
759 1071 919 1112 extere
941 1064 1174 1112 nationes!
1207 1066 1370 1121 scient,
1406 1066 1614 1129 inquam,

209 1160 229 1185 α
261 1142 440 1189 utinam
471 1157 564 1188 non
596 1140 654 1187 ad
686 1148 841 1188 vestre
877 1141 1138 1188 Sanctitatis
1177 1141 1403 1197 dedecus,
1440 1143 1618 1189 utinam

209 1235 230 1261 α
260 1233 352 1263 non
386 1216 444 1263 ad
478 1222 632 1263 vestre
676 1233 813 1264 cause
846 1216 1198 1272 detrimentum,
1227 1216 1406 1264 utinam
1436 1235 1529 1265 non
1558 1217 1616 1264 ad

209 1311 230 1336 (ι
262 1293 403 1340 totius
427 1293 721 1340 ecclesiastici
743 1292 922 1339 ordinis
939 1292 1279 1345 confusionem,
1300 1294 1613 1358 opprobrium

209 1386 230 1412 α
259 1374 308 1416 et
329 1369 676 1432 contemptum!

273 1464 294 1490 α
325 1449 390 1492 Ea
415 1452 629 1509 propter,
658 1447 793 1492 Pater
815 1445 1099 1501 beatissime,
1131 1462 1217 1509 per
1238 1445 1383 1493 fidem
1410 1446 1615 1510 integer-

206 1540 226 1565 «
259 1521 444 1576 rimam,
470 1537 555 1585 per
576 1520 710 1568 fedus
729 1521 1064 1578 inviolandum,
1087 1538 1173 1585 per
1193 1538 1404 1569 amorem
1427 1522 1616 1585 amplis-

205 1617 226 1643 «
256 1598 425 1645 simum
443 1604 490 1645 et
503 1598 868 1645 sincerissimum
886 1615 1027 1661 quem
1044 1598 1102 1646 ad
1121 1615 1343 1662 sponsam
1360 1600 1612 1648 Ecclesiam

206 1693 227 1719 α
258 1674 431 1721 habere
472 1674 678 1731 debetis,
723 1691 808 1737 per
840 1674 1088 1737 pastoralis
1128 1675 1370 1738 vigilancie
1408 1675 1615 1723 debitam

206 1769 226 1794 <x
260 1750 618 1806 solicitudinem,
637 1767 724 1813 per
736 1756 945 1797 materne
963 1750 1286 1798 misericordie
1307 1751 1609 1809 discriminis,

205 1846 226 1871 <z
255 1833 334 1874 aut
378 1827 579 1874 scandali
621 1826 996 1890 compassionem
1037 1827 1606 1892 commiserationemque‚

205 1921 226 1946 <t
258 1918 344 1965 per
369 1918 462 1964 que
486 1902 632 1949 vestri
659 1902 849 1949 honoris
876 1903 1031 1949 animo
1059 1919 1169 1950 cura
1189 1904 1382 1960 residet,
1413 1921 1498 1967 per
1524 1921 1616 1967 que

205 1997 226 2023 α
256 1979 392 2026 vobis
417 1995 524 2026 cara
543 1985 616 2026 est
636 1979 759 2026 salus
780 1979 932 2026 anime
953 1986 1126 2036 vestre,
1157 1997 1243 2027 vos
1270 1981 1545 2037 hortamur;
1569 1989 1615 2030 et

204 2073 225 2098 «ι
255 2055 426 2102 iterum
457 2055 721 2118 iterumque
758 2062 1048 2118 repetentes,
1092 2057 1367 2104 charitatem
1403 2065 1610 2106 vestram

205 2151 225 2176 (ι
254 2147 516 2188 monemus,
534 2138 587 2179 ut
606 2132 665 2179 ad
687 2132 804 2179 hanc
823 2133 1183 2181 sacratissimam
1203 2135 1502 2182 concordiam
1521 2153 1612 2199 que

205 2227 226 2252 <x
258 2207 304 2254 in
331 2223 469 2254 manu
495 2214 650 2255 vestra
677 2208 763 2256 sita
789 2215 877 2265 est,
914 2226 1006 2256 non
1037 2210 1157 2257 ultra
1181 2210 1279 2275 jam
1309 2212 1611 2276 prorogando

205 2303 225 2328 <x
254 2283 522 2331 intendatis.
553 2285 687 2341 Satis,
719 2285 817 2349 jam
848 2287 960 2334 satis
989 2287 1232 2350 hucusque
1259 2295 1492 2335 cessatum
1520 2296 1606 2344 est,

206 2382 226 2407 ι
255 2362 366 2409 satis
410 2362 668 2425 tepuimus,
718 2364 829 2411 satis
873 2364 1163 2427 quievimus,
1210 2366 1321 2413 satis
1365 2374 1613 2429 exspecta-

206 2458 227 2484 «
261 2439 430 2487 vimus.

271 2536 292 2561 α
320 2516 658 2580 Exurgendum
685 2517 872 2565 tandem
900 2518 1150 2581 aliquando
1176 2520 1233 2566 ad
1262 2535 1425 2583 pacem
1450 2527 1538 2576 est,
1566 2528 1612 2569 et

205 2613 225 2638 <x
253 2593 438 2641 desides
461 2600 765 2657 tepentesque
791 2595 888 2658 jam
909 2595 1050 2643 animi
1076 2596 1133 2643 ad
1161 2596 1298 2659 hujus
1327 2596 1392 2643 rei
1419 2612 1610 2660 aggres-

206 2689 227 2714 α
259 2686 363 2718 sum
395 2669 644 2725 excitandi,
675 2670 763 2717 nisi
793 2671 961 2719 scisma
990 2678 1286 2736 perpetuum,
1318 2673 1445 2735 quod
1475 2674 1612 2721 Altis—

207 2764 227 2790 «
260 2746 405 2794 simus
427 2753 624 2803 avertat,
649 2746 695 2793 in
717 2747 920 2795 Ecclesia
947 2749 1111 2796 Christi
1137 2750 1412 2812 permittere
1437 2766 1612 2814 propo-
