<?xml version="1.0" encoding="UTF-8"?>
<!DOCTYPE html PUBLIC "-//W3C//DTD XHTML 1.0 Transitional//EN"
    "http://www.w3.org/TR/xhtml1/DTD/xhtml1-transitional.dtd">
<html xmlns="http://www.w3.org/1999/xhtml" xml:lang="en" lang="en">
 <head>
  <title>
</title>
<meta http-equiv="Content-Type" content="text/html;charset=utf-8" />
  <meta name='ocr-system' content='tesseract 3.04.00' />
  <meta name='ocr-capabilities' content='ocr_page ocr_carea ocr_par ocr_line ocrx_word'/>
</head>
<body>
  <div class='ocr_page' id='page_1' title='image "./chronographiareg03mora_0269.png"; bbox 0 0 1941 3294; ppageno 0'>
   <div class='ocr_carea' id='block_1_1' title="bbox 168 266 1566 315">
    <p class='ocr_par' dir='ltr' id='par_1_1' title="bbox 168 266 1566 315">
     <span class='ocr_line' id='line_1_1' title="bbox 168 266 1566 315; baseline -0.001 -10"><span class='ocrx_word' id='word_1_1' title='bbox 168 268 272 315; x_wconf 82' lang='lat'>1403]</span> <span class='ocrx_word' id='word_1_2' title='bbox 441 270 810 304; x_wconf 77' lang='lat' dir='ltr'>CHRONOGRAPHIA</span> <span class='ocrx_word' id='word_1_3' title='bbox 835 271 988 304; x_wconf 89' lang='lat' dir='ltr'>REGUM</span> <span class='ocrx_word' id='word_1_4' title='bbox 1015 269 1295 303; x_wconf 85' lang='lat' dir='ltr'><strong>FRANCORUM.</strong></span> <span class='ocrx_word' id='word_1_5' title='bbox 1498 266 1566 304; x_wconf 74' lang='lat' dir='ltr'>c207</span> 
     </span>
    </p>
   </div>
   <div class='ocr_carea' id='block_1_2' title="bbox 163 350 1575 2790">
    <p class='ocr_par' dir='ltr' id='par_1_2' title="bbox 163 350 1573 1029">
     <span class='ocr_line' id='line_1_2' title="bbox 166 350 1570 414; baseline -0.002 -15"><span class='ocrx_word' id='word_1_6' title='bbox 166 351 347 399; x_wconf 86' lang='lat' dir='ltr'>toribus</span> <span class='ocrx_word' id='word_1_7' title='bbox 367 357 414 398; x_wconf 89' lang='lat' dir='ltr'>et</span> <span class='ocrx_word' id='word_1_8' title='bbox 438 351 526 398; x_wconf 88' lang='lat' dir='ltr'>iter</span> <span class='ocrx_word' id='word_1_9' title='bbox 545 350 805 414; x_wconf 78' lang='lat' dir='ltr'>agentibus,</span> <span class='ocrx_word' id='word_1_10' title='bbox 827 351 883 397; x_wconf 89' lang='lat' dir='ltr'>ad</span> <span class='ocrx_word' id='word_1_11' title='bbox 902 350 1271 397; x_wconf 90' lang='lat' dir='ltr'>interficiendum</span> <span class='ocrx_word' id='word_1_12' title='bbox 1290 365 1370 397; x_wconf 92' lang='lat' dir='ltr'>eos</span> <span class='ocrx_word' id='word_1_13' title='bbox 1389 355 1436 396; x_wconf 91' lang='lat' dir='ltr'>et</span> <span class='ocrx_word' id='word_1_14' title='bbox 1455 350 1570 396; x_wconf 87' lang='lat' dir='ltr'>arri-</span> 
     </span>
     <span class='ocr_line' id='line_1_3' title="bbox 167 426 1568 492; baseline -0.001 -17"><span class='ocrx_word' id='word_1_15' title='bbox 167 428 391 492; x_wconf 91' lang='lat' dir='ltr'>piendum</span> <span class='ocrx_word' id='word_1_16' title='bbox 415 434 511 475; x_wconf 88' lang='lat' dir='ltr'>tam</span> <span class='ocrx_word' id='word_1_17' title='bbox 539 427 741 474; x_wconf 87' lang='lat' dir='ltr'>camelos</span> <span class='ocrx_word' id='word_1_18' title='bbox 767 441 910 490; x_wconf 80' lang='lat' dir='ltr'>quam</span> <span class='ocrx_word' id='word_1_19' title='bbox 937 433 1091 474; x_wconf 88' lang='lat' dir='ltr'>cetera</span> <span class='ocrx_word' id='word_1_20' title='bbox 1117 443 1209 489; x_wconf 87' lang='lat' dir='ltr'>que</span> <span class='ocrx_word' id='word_1_21' title='bbox 1242 426 1473 474; x_wconf 80' lang='lat' dir='ltr'>ducebant</span> <span class='ocrx_word' id='word_1_22' title='bbox 1495 426 1568 473; x_wconf 87' lang='lat' dir='ltr'>vel</span> 
     </span>
     <span class='ocr_line' id='line_1_4' title="bbox 167 503 1570 570; baseline -0.003 -17"><span class='ocrx_word' id='word_1_23' title='bbox 167 522 258 569; x_wconf 89' lang='lat' dir='ltr'>que</span> <span class='ocrx_word' id='word_1_24' title='bbox 299 504 623 570; x_wconf 84' lang='lat' dir='ltr'>negotiationis</span> <span class='ocrx_word' id='word_1_25' title='bbox 663 510 741 552; x_wconf 91' lang='lat' dir='ltr'>aut</span> <span class='ocrx_word' id='word_1_26' title='bbox 780 504 1065 552; x_wconf 81' lang='lat' dir='ltr'>necessitatis</span> <span class='ocrx_word' id='word_1_27' title='bbox 1102 503 1366 567; x_wconf 86' lang='lat' dir='ltr'>captabant.</span> <span class='ocrx_word' id='word_1_28' title='bbox 1404 503 1570 565; x_wconf 83' lang='lat' dir='ltr'>Sicque</span> 
     </span>
     <span class='ocr_line' id='line_1_5' title="bbox 166 579 1571 645; baseline -0.003 -15"><span class='ocrx_word' id='word_1_29' title='bbox 166 582 424 637; x_wconf 89' lang='lat' dir='ltr'>fraudibus,</span> <span class='ocrx_word' id='word_1_30' title='bbox 471 581 706 628; x_wconf 88' lang='lat' dir='ltr'>violenciis</span> <span class='ocrx_word' id='word_1_31' title='bbox 750 588 796 628; x_wconf 90' lang='lat' dir='ltr'>et</span> <span class='ocrx_word' id='word_1_32' title='bbox 837 581 1025 629; x_wconf 90' lang='lat' dir='ltr'>humani</span> <span class='ocrx_word' id='word_1_33' title='bbox 1070 580 1305 645; x_wconf 82' lang='lat' dir='ltr'>sanguinis</span> <span class='ocrx_word' id='word_1_34' title='bbox 1348 579 1571 627; x_wconf 81' lang='lat' dir='ltr'>effusione</span> 
     </span>
     <span class='ocr_line' id='line_1_6' title="bbox 166 655 1571 721; baseline -0.004 -15"><span class='ocrx_word' id='word_1_35' title='bbox 166 659 392 706; x_wconf 84' lang='lat' dir='ltr'>exaltatus</span> <span class='ocrx_word' id='word_1_36' title='bbox 436 674 489 705; x_wconf 93' lang='lat' dir='ltr'>ac</span> <span class='ocrx_word' id='word_1_37' title='bbox 531 657 726 713; x_wconf 90' lang='lat' dir='ltr'>ditatus,</span> <span class='ocrx_word' id='word_1_38' title='bbox 775 663 916 721; x_wconf 90' lang='lat' dir='ltr'>atque</span> <span class='ocrx_word' id='word_1_39' title='bbox 954 657 1213 705; x_wconf 75' lang='lat' dir='ltr'>latronibus</span> <span class='ocrx_word' id='word_1_40' title='bbox 1254 662 1299 703; x_wconf 90' lang='lat' dir='ltr'>et</span> <span class='ocrx_word' id='word_1_41' title='bbox 1339 655 1571 719; x_wconf 80' lang='lat' dir='ltr'>pestiferis</span> 
     </span>
     <span class='ocr_line' id='line_1_7' title="bbox 165 732 1573 800; baseline -0.003 -18"><span class='ocrx_word' id='word_1_42' title='bbox 165 736 313 800; x_wconf 88' lang='lat' dir='ltr'>magis</span> <span class='ocrx_word' id='word_1_43' title='bbox 338 752 391 783; x_wconf 93' lang='lat' dir='ltr'>ac</span> <span class='ocrx_word' id='word_1_44' title='bbox 422 735 569 799; x_wconf 89' lang='lat' dir='ltr'>magis</span> <span class='ocrx_word' id='word_1_45' title='bbox 599 734 646 781; x_wconf 90' lang='lat' dir='ltr'>in</span> <span class='ocrx_word' id='word_1_46' title='bbox 675 740 857 782; x_wconf 87' lang='lat' dir='ltr'>tantum</span> <span class='ocrx_word' id='word_1_47' title='bbox 887 734 1157 791; x_wconf 87' lang='lat' dir='ltr'>associatus,</span> <span class='ocrx_word' id='word_1_48' title='bbox 1188 733 1316 796; x_wconf 93' lang='lat' dir='ltr'>quod</span> <span class='ocrx_word' id='word_1_49' title='bbox 1346 732 1391 779; x_wconf 87' lang='lat' dir='ltr'>vi</span> <span class='ocrx_word' id='word_1_50' title='bbox 1427 732 1573 779; x_wconf 91' lang='lat' dir='ltr'>assul-</span> 
     </span>
     <span class='ocr_line' id='line_1_8' title="bbox 163 808 1571 875; baseline -0.002 -17"><span class='ocrx_word' id='word_1_51' title='bbox 163 817 240 859; x_wconf 86' lang='lat' dir='ltr'>tus</span> <span class='ocrx_word' id='word_1_52' title='bbox 264 812 388 875; x_wconf 86' lang='lat' dir='ltr'>cepit</span> <span class='ocrx_word' id='word_1_53' title='bbox 403 811 608 875; x_wconf 92' lang='lat' dir='ltr'>quodam</span> <span class='ocrx_word' id='word_1_54' title='bbox 631 817 835 858; x_wconf 83' lang='lat' dir='ltr'>castrum</span> <span class='ocrx_word' id='word_1_55' title='bbox 857 816 1175 875; x_wconf 88' lang='lat' dir='ltr'>nuncupatum</span> <span class='ocrx_word' id='word_1_56' title='bbox 1197 809 1387 873; x_wconf 87' lang='lat' dir='ltr'>Refuge,</span> <span class='ocrx_word' id='word_1_57' title='bbox 1410 808 1456 855; x_wconf 90' lang='lat' dir='ltr'>in</span> <span class='ocrx_word' id='word_1_58' title='bbox 1478 825 1571 871; x_wconf 90' lang='lat' dir='ltr'>quo</span> 
     </span>
     <span class='ocr_line' id='line_1_9' title="bbox 163 884 1572 951; baseline -0.004 -15"><span class='ocrx_word' id='word_1_59' title='bbox 163 888 320 951; x_wconf 86' lang='lat' dir='ltr'>posuit</span> <span class='ocrx_word' id='word_1_60' title='bbox 336 888 491 935; x_wconf 90' lang='lat' dir='ltr'>omnia</span> <span class='ocrx_word' id='word_1_61' title='bbox 511 900 603 951; x_wconf 87' lang='lat' dir='ltr'>que</span> <span class='ocrx_word' id='word_1_62' title='bbox 628 888 726 936; x_wconf 87' lang='lat' dir='ltr'>aliis</span> <span class='ocrx_word' id='word_1_63' title='bbox 751 888 1002 951; x_wconf 80' lang='lat' dir='ltr'>eripiebat3</span> <span class='ocrx_word' id='word_1_64' title='bbox 1031 888 1202 950; x_wconf 89' lang='lat' dir='ltr'>talique</span> <span class='ocrx_word' id='word_1_65' title='bbox 1229 886 1388 942; x_wconf 91' lang='lat' dir='ltr'>modo,</span> <span class='ocrx_word' id='word_1_66' title='bbox 1418 885 1476 932; x_wconf 93' lang='lat' dir='ltr'>de</span> <span class='ocrx_word' id='word_1_67' title='bbox 1497 884 1572 932; x_wconf 92' lang='lat' dir='ltr'>die</span> 
     </span>
     <span class='ocr_line' id='line_1_10' title="bbox 164 961 1566 1029; baseline -0.002 -19"><span class='ocrx_word' id='word_1_68' title='bbox 164 964 211 1011; x_wconf 91' lang='lat' dir='ltr'>in</span> <span class='ocrx_word' id='word_1_69' title='bbox 236 964 361 1011; x_wconf 89' lang='lat' dir='ltr'>diem</span> <span class='ocrx_word' id='word_1_70' title='bbox 386 970 728 1029; x_wconf 86' lang='lat' dir='ltr'>augmentatus,</span> <span class='ocrx_word' id='word_1_71' title='bbox 751 970 920 1020; x_wconf 84' lang='lat' dir='ltr'>terras,</span> <span class='ocrx_word' id='word_1_72' title='bbox 947 964 1078 1012; x_wconf 86' lang='lat' dir='ltr'>villas</span> <span class='ocrx_word' id='word_1_73' title='bbox 1099 969 1145 1011; x_wconf 92' lang='lat' dir='ltr'>et</span> <span class='ocrx_word' id='word_1_74' title='bbox 1170 968 1322 1010; x_wconf 87' lang='lat' dir='ltr'>castra</span> <span class='ocrx_word' id='word_1_75' title='bbox 1348 961 1566 1009; x_wconf 87' lang='lat' dir='ltr'>obtinuit.</span> 
     </span>
    </p>

    <p class='ocr_par' dir='ltr' id='par_1_3' title="bbox 163 1038 1575 2159">
     <span class='ocr_line' id='line_1_11' title="bbox 227 1038 1573 1104; baseline -0.003 -16"><span class='ocrx_word' id='word_1_76' title='bbox 227 1041 527 1104; x_wconf 84' lang='lat' dir='ltr'>Perpendens</span> <span class='ocrx_word' id='word_1_77' title='bbox 547 1041 703 1104; x_wconf 90' lang='lat' dir='ltr'>itaque</span> <span class='ocrx_word' id='word_1_78' title='bbox 720 1041 846 1104; x_wconf 91' lang='lat' dir='ltr'>quod</span> <span class='ocrx_word' id='word_1_79' title='bbox 867 1046 1064 1103; x_wconf 89' lang='lat' dir='ltr'>propter</span> <span class='ocrx_word' id='word_1_80' title='bbox 1085 1057 1168 1087; x_wconf 93' lang='lat' dir='ltr'>sua</span> <span class='ocrx_word' id='word_1_81' title='bbox 1194 1038 1420 1086; x_wconf 89' lang='lat' dir='ltr'>demerita</span> <span class='ocrx_word' id='word_1_82' title='bbox 1441 1054 1573 1102; x_wconf 91' lang='lat' dir='ltr'>mag-</span> 
     </span>
     <span class='ocr_line' id='line_1_12' title="bbox 165 1115 1574 1179; baseline -0.002 -17"><span class='ocrx_word' id='word_1_83' title='bbox 165 1132 252 1163; x_wconf 89' lang='lat' dir='ltr'>nus</span> <span class='ocrx_word' id='word_1_84' title='bbox 285 1115 542 1179; x_wconf 88' lang='lat' dir='ltr'>imperator</span> <span class='ocrx_word' id='word_1_85' title='bbox 576 1116 779 1163; x_wconf 88' lang='lat' dir='ltr'>Tartarie</span> <span class='ocrx_word' id='word_1_86' title='bbox 811 1115 1077 1179; x_wconf 87' lang='lat' dir='ltr'>indignatus</span> <span class='ocrx_word' id='word_1_87' title='bbox 1110 1120 1209 1161; x_wconf 89' lang='lat' dir='ltr'>erat</span> <span class='ocrx_word' id='word_1_88' title='bbox 1244 1119 1406 1160; x_wconf 89' lang='lat' dir='ltr'>contra</span> <span class='ocrx_word' id='word_1_89' title='bbox 1443 1129 1491 1160; x_wconf 94' lang='lat' dir='ltr'>se</span> <span class='ocrx_word' id='word_1_90' title='bbox 1527 1119 1574 1160; x_wconf 88' lang='lat' dir='ltr'>et</span> 
     </span>
     <span class='ocr_line' id='line_1_13' title="bbox 165 1190 1573 1256; baseline -0.002 -17"><span class='ocrx_word' id='word_1_91' title='bbox 165 1192 292 1255; x_wconf 93' lang='lat' dir='ltr'>quod</span> <span class='ocrx_word' id='word_1_92' title='bbox 319 1208 484 1239; x_wconf 91' lang='lat' dir='ltr'>manus</span> <span class='ocrx_word' id='word_1_93' title='bbox 504 1192 603 1256; x_wconf 90' lang='lat' dir='ltr'>ejus</span> <span class='ocrx_word' id='word_1_94' title='bbox 623 1193 828 1256; x_wconf 84' lang='lat' dir='ltr'>effugere</span> <span class='ocrx_word' id='word_1_95' title='bbox 854 1208 948 1239; x_wconf 93' lang='lat' dir='ltr'>non</span> <span class='ocrx_word' id='word_1_96' title='bbox 968 1191 1162 1248; x_wconf 87' lang='lat' dir='ltr'>valeret,</span> <span class='ocrx_word' id='word_1_97' title='bbox 1194 1190 1441 1254; x_wconf 86' lang='lat' dir='ltr'>presertim</span> <span class='ocrx_word' id='word_1_98' title='bbox 1467 1205 1573 1236; x_wconf 90' lang='lat' dir='ltr'>cum</span> 
     </span>
     <span class='ocr_line' id='line_1_14' title="bbox 163 1266 1572 1332; baseline -0.004 -16"><span class='ocrx_word' id='word_1_99' title='bbox 163 1269 314 1316; x_wconf 91' lang='lat' dir='ltr'>adhuc</span> <span class='ocrx_word' id='word_1_100' title='bbox 353 1285 525 1332; x_wconf 88' lang='lat' dir='ltr'>paucos</span> <span class='ocrx_word' id='word_1_101' title='bbox 561 1269 858 1316; x_wconf 83' lang='lat' dir='ltr'>auxiliatores</span> <span class='ocrx_word' id='word_1_102' title='bbox 897 1267 1114 1322; x_wconf 87' lang='lat' dir='ltr'>haberet,</span> <span class='ocrx_word' id='word_1_103' title='bbox 1158 1273 1259 1314; x_wconf 86' lang='lat' dir='ltr'>arte</span> <span class='ocrx_word' id='word_1_104' title='bbox 1299 1273 1346 1313; x_wconf 91' lang='lat' dir='ltr'>et</span> <span class='ocrx_word' id='word_1_105' title='bbox 1386 1266 1572 1329; x_wconf 86' lang='lat' dir='ltr'>ingenio</span> 
     </span>
     <span class='ocr_line' id='line_1_15' title="bbox 163 1343 1570 1409; baseline -0.004 -16"><span class='ocrx_word' id='word_1_106' title='bbox 163 1362 335 1409; x_wconf 90' lang='lat' dir='ltr'>magno</span> <span class='ocrx_word' id='word_1_107' title='bbox 361 1362 489 1402; x_wconf 90' lang='lat' dir='ltr'>usus,</span> <span class='ocrx_word' id='word_1_108' title='bbox 519 1345 631 1392; x_wconf 89' lang='lat' dir='ltr'>abiit</span> <span class='ocrx_word' id='word_1_109' title='bbox 656 1345 713 1392; x_wconf 90' lang='lat' dir='ltr'>ad</span> <span class='ocrx_word' id='word_1_110' title='bbox 739 1345 1075 1408; x_wconf 82' lang='lat' dir='ltr'>imperatorem</span> <span class='ocrx_word' id='word_1_111' title='bbox 1095 1344 1153 1391; x_wconf 87' lang='lat' dir='ltr'>de</span> <span class='ocrx_word' id='word_1_112' title='bbox 1178 1347 1343 1406; x_wconf 87' lang='lat' dir='ltr'>Katay‚</span> <span class='ocrx_word' id='word_1_113' title='bbox 1369 1343 1450 1406; x_wconf 90' lang='lat' dir='ltr'>qui</span> <span class='ocrx_word' id='word_1_114' title='bbox 1470 1348 1570 1389; x_wconf 87' lang='lat' dir='ltr'>erat</span> 
     </span>
     <span class='ocr_line' id='line_1_16' title="bbox 163 1419 1572 1470; baseline -0.003 0"><span class='ocrx_word' id='word_1_115' title='bbox 163 1422 449 1470; x_wconf 87' lang='lat' dir='ltr'>Christianus</span> <span class='ocrx_word' id='word_1_116' title='bbox 475 1422 533 1469; x_wconf 93' lang='lat' dir='ltr'>de</span> <span class='ocrx_word' id='word_1_117' title='bbox 567 1427 691 1469; x_wconf 89' lang='lat' dir='ltr'>secta</span> <span class='ocrx_word' id='word_1_118' title='bbox 721 1421 928 1468; x_wconf 86' lang='lat' dir='ltr'>cinctorii</span> <span class='ocrx_word' id='word_1_119' title='bbox 959 1426 1004 1468; x_wconf 91' lang='lat' dir='ltr'>et</span> <span class='ocrx_word' id='word_1_120' title='bbox 1035 1419 1331 1467; x_wconf 85' lang='lat' dir='ltr'>adversarius</span> <span class='ocrx_word' id='word_1_121' title='bbox 1361 1419 1572 1466; x_wconf 88' lang='lat' dir='ltr'>inimicus</span> 
     </span>
     <span class='ocr_line' id='line_1_17' title="bbox 165 1495 1573 1561; baseline -0.002 -16"><span class='ocrx_word' id='word_1_122' title='bbox 165 1504 264 1546; x_wconf 90' lang='lat' dir='ltr'>erat</span> <span class='ocrx_word' id='word_1_123' title='bbox 287 1498 394 1546; x_wconf 91' lang='lat' dir='ltr'>huic</span> <span class='ocrx_word' id='word_1_124' title='bbox 425 1498 630 1546; x_wconf 91' lang='lat' dir='ltr'>Tartarie</span> <span class='ocrx_word' id='word_1_125' title='bbox 662 1497 952 1561; x_wconf 89' lang='lat' dir='ltr'>imperatori.</span> <span class='ocrx_word' id='word_1_126' title='bbox 981 1497 1064 1544; x_wconf 93' lang='lat' dir='ltr'>Hic</span> <span class='ocrx_word' id='word_1_127' title='bbox 1092 1495 1283 1560; x_wconf 91' lang='lat' dir='ltr'>flagiciis</span> <span class='ocrx_word' id='word_1_128' title='bbox 1314 1495 1573 1543; x_wconf 87' lang='lat' dir='ltr'>maleficiis-</span> 
     </span>
     <span class='ocr_line' id='line_1_18' title="bbox 166 1572 1574 1640; baseline -0.003 -17"><span class='ocrx_word' id='word_1_129' title='bbox 166 1591 256 1638; x_wconf 90' lang='lat' dir='ltr'>que</span> <span class='ocrx_word' id='word_1_130' title='bbox 280 1575 378 1639; x_wconf 90' lang='lat' dir='ltr'>ejus</span> <span class='ocrx_word' id='word_1_131' title='bbox 405 1574 720 1640; x_wconf 80' lang='lat' dir='ltr'>congaudens,</span> <span class='ocrx_word' id='word_1_132' title='bbox 749 1573 878 1621; x_wconf 86' lang='lat' dir='ltr'>dedit</span> <span class='ocrx_word' id='word_1_133' title='bbox 906 1573 948 1620; x_wconf 88' lang='lat' dir='ltr'>ei</span> <span class='ocrx_word' id='word_1_134' title='bbox 976 1589 1192 1637; x_wconf 88' lang='lat' dir='ltr'>magnam</span> <span class='ocrx_word' id='word_1_135' title='bbox 1218 1572 1403 1636; x_wconf 89' lang='lat' dir='ltr'>copiam</span> <span class='ocrx_word' id='word_1_136' title='bbox 1425 1572 1574 1620; x_wconf 88' lang='lat' dir='ltr'>homi-</span> 
     </span>
     <span class='ocr_line' id='line_1_19' title="bbox 165 1649 1574 1715; baseline -0.002 -16"><span class='ocrx_word' id='word_1_137' title='bbox 165 1668 278 1700; x_wconf 89' lang='lat' dir='ltr'>num</span> <span class='ocrx_word' id='word_1_138' title='bbox 297 1668 537 1699; x_wconf 89' lang='lat' dir='ltr'>armorum</span> <span class='ocrx_word' id='word_1_139' title='bbox 562 1657 615 1699; x_wconf 89' lang='lat' dir='ltr'>ut</span> <span class='ocrx_word' id='word_1_140' title='bbox 633 1656 924 1715; x_wconf 84' lang='lat' dir='ltr'>expugnaret</span> <span class='ocrx_word' id='word_1_141' title='bbox 949 1650 1183 1713; x_wconf 90' lang='lat' dir='ltr'>prefatum</span> <span class='ocrx_word' id='word_1_142' title='bbox 1202 1649 1407 1697; x_wconf 86' lang='lat' dir='ltr'>Tartarie</span> <span class='ocrx_word' id='word_1_143' title='bbox 1427 1649 1574 1712; x_wconf 89' lang='lat' dir='ltr'>impe-</span> 
     </span>
     <span class='ocr_line' id='line_1_20' title="bbox 165 1726 1574 1791; baseline -0.002 -15"><span class='ocrx_word' id='word_1_144' title='bbox 165 1733 394 1785; x_wconf 79' lang='lat' dir='ltr'>ratorem3</span> <span class='ocrx_word' id='word_1_145' title='bbox 446 1744 648 1791; x_wconf 87' lang='lat' dir='ltr'>quorum</span> <span class='ocrx_word' id='word_1_146' title='bbox 698 1727 867 1775; x_wconf 86' lang='lat' dir='ltr'>auxilio</span> <span class='ocrx_word' id='word_1_147' title='bbox 917 1726 1085 1774; x_wconf 86' lang='lat' dir='ltr'>multas</span> <span class='ocrx_word' id='word_1_148' title='bbox 1134 1726 1400 1790; x_wconf 89' lang='lat' dir='ltr'>provincias</span> <span class='ocrx_word' id='word_1_149' title='bbox 1450 1726 1574 1773; x_wconf 89' lang='lat' dir='ltr'>dicto</span> 
     </span>
     <span class='ocr_line' id='line_1_21' title="bbox 165 1802 1575 1868; baseline -0.003 -16"><span class='ocrx_word' id='word_1_150' title='bbox 165 1805 368 1852; x_wconf 87' lang='lat' dir='ltr'>Tartarie</span> <span class='ocrx_word' id='word_1_151' title='bbox 393 1803 666 1868; x_wconf 89' lang='lat' dir='ltr'>imperatori</span> <span class='ocrx_word' id='word_1_152' title='bbox 685 1803 858 1866; x_wconf 87' lang='lat' dir='ltr'>eripuit</span> <span class='ocrx_word' id='word_1_153' title='bbox 884 1808 930 1849; x_wconf 89' lang='lat' dir='ltr'>et</span> <span class='ocrx_word' id='word_1_154' title='bbox 952 1802 1213 1866; x_wconf 86' lang='lat' dir='ltr'>specialiter</span> <span class='ocrx_word' id='word_1_155' title='bbox 1229 1802 1509 1865; x_wconf 86' lang='lat' dir='ltr'>conquisivit</span> <span class='ocrx_word' id='word_1_156' title='bbox 1529 1808 1575 1849; x_wconf 89' lang='lat' dir='ltr'>et</span> 
     </span>
     <span class='ocr_line' id='line_1_22' title="bbox 164 1879 1574 1944; baseline -0.001 -16"><span class='ocrx_word' id='word_1_157' title='bbox 164 1881 369 1928; x_wconf 87' lang='lat' dir='ltr'>lucratus</span> <span class='ocrx_word' id='word_1_158' title='bbox 383 1887 453 1928; x_wconf 86' lang='lat' dir='ltr'>est</span> <span class='ocrx_word' id='word_1_159' title='bbox 474 1897 615 1944; x_wconf 89' lang='lat' dir='ltr'>super</span> <span class='ocrx_word' id='word_1_160' title='bbox 628 1896 735 1928; x_wconf 89' lang='lat' dir='ltr'>eum</span> <span class='ocrx_word' id='word_1_161' title='bbox 756 1880 880 1927; x_wconf 89' lang='lat' dir='ltr'>illam</span> <span class='ocrx_word' id='word_1_162' title='bbox 897 1895 1114 1944; x_wconf 87' lang='lat' dir='ltr'>magnam</span> <span class='ocrx_word' id='word_1_163' title='bbox 1132 1879 1367 1926; x_wconf 90' lang='lat' dir='ltr'>civitatem</span> <span class='ocrx_word' id='word_1_164' title='bbox 1388 1879 1574 1927; x_wconf 90' lang='lat' dir='ltr'>nomine</span> 
     </span>
     <span class='ocr_line' id='line_1_23' title="bbox 165 1956 1569 2020; baseline -0.001 -15"><span class='ocrx_word' id='word_1_165' title='bbox 165 1961 446 2012; x_wconf 88' lang='lat' dir='ltr'>Semercam‚</span> <span class='ocrx_word' id='word_1_166' title='bbox 485 1958 531 2004; x_wconf 91' lang='lat' dir='ltr'>in</span> <span class='ocrx_word' id='word_1_167' title='bbox 562 1957 773 2020; x_wconf 90' lang='lat' dir='ltr'>partibus</span> <span class='ocrx_word' id='word_1_168' title='bbox 808 1957 1008 2005; x_wconf 86' lang='lat' dir='ltr'>Orientis</span> <span class='ocrx_word' id='word_1_169' title='bbox 1034 1956 1185 2004; x_wconf 91' lang='lat' dir='ltr'>sitam.</span> <span class='ocrx_word' id='word_1_170' title='bbox 1231 1959 1328 2014; x_wconf 85' lang='lat' dir='ltr'>Qua</span> <span class='ocrx_word' id='word_1_171' title='bbox 1361 1956 1569 2011; x_wconf 88' lang='lat' dir='ltr'>obtenta,</span> 
     </span>
     <span class='ocr_line' id='line_1_24' title="bbox 165 2033 1571 2099; baseline -0.001 -17"><span class='ocrx_word' id='word_1_172' title='bbox 165 2035 346 2099; x_wconf 89' lang='lat' dir='ltr'>prefato</span> <span class='ocrx_word' id='word_1_173' title='bbox 377 2035 649 2098; x_wconf 88' lang='lat' dir='ltr'>imperatori</span> <span class='ocrx_word' id='word_1_174' title='bbox 689 2034 948 2082; x_wconf 87' lang='lat' dir='ltr'>Christiano</span> <span class='ocrx_word' id='word_1_175' title='bbox 982 2034 1164 2080; x_wconf 89' lang='lat' dir='ltr'>remisit</span> <span class='ocrx_word' id='word_1_176' title='bbox 1208 2049 1318 2081; x_wconf 89' lang='lat' dir='ltr'>suos</span> <span class='ocrx_word' id='word_1_177' title='bbox 1359 2033 1571 2081; x_wconf 89' lang='lat' dir='ltr'>homines</span> 
     </span>
     <span class='ocr_line' id='line_1_25' title="bbox 167 2128 427 2159; baseline -0.004 0"><span class='ocrx_word' id='word_1_178' title='bbox 167 2128 427 2159; x_wconf 87' lang='lat' dir='ltr'>armorum.</span> 
     </span>
    </p>

    <p class='ocr_par' dir='ltr' id='par_1_4' title="bbox 167 2186 1575 2790">
     <span class='ocr_line' id='line_1_26' title="bbox 233 2186 1574 2252; baseline -0.001 -17"><span class='ocrx_word' id='word_1_179' title='bbox 233 2191 378 2235; x_wconf 91' lang='lat' dir='ltr'>Porro</span> <span class='ocrx_word' id='word_1_180' title='bbox 405 2204 510 2235; x_wconf 87' lang='lat' dir='ltr'>curn</span> <span class='ocrx_word' id='word_1_181' title='bbox 535 2187 796 2252; x_wconf 89' lang='lat' dir='ltr'>hujusmodi</span> <span class='ocrx_word' id='word_1_182' title='bbox 824 2187 1083 2235; x_wconf 89' lang='lat' dir='ltr'>Temurlani</span> <span class='ocrx_word' id='word_1_183' title='bbox 1111 2187 1401 2235; x_wconf 86' lang='lat' dir='ltr'>invasionem</span> <span class='ocrx_word' id='word_1_184' title='bbox 1423 2186 1574 2235; x_wconf 90' lang='lat' dir='ltr'>dictus</span> 
     </span>
     <span class='ocr_line' id='line_1_27' title="bbox 167 2263 1575 2327; baseline -0.001 -17"><span class='ocrx_word' id='word_1_185' title='bbox 167 2264 424 2326; x_wconf 85' lang='lat' dir='ltr'>imperator</span> <span class='ocrx_word' id='word_1_186' title='bbox 465 2263 686 2319; x_wconf 86' lang='lat' dir='ltr'>audisset,</span> <span class='ocrx_word' id='word_1_187' title='bbox 728 2263 886 2310; x_wconf 89' lang='lat' dir='ltr'>furore</span> <span class='ocrx_word' id='word_1_188' title='bbox 930 2279 1100 2327; x_wconf 88' lang='lat' dir='ltr'>magno</span> <span class='ocrx_word' id='word_1_189' title='bbox 1145 2263 1368 2325; x_wconf 90' lang='lat' dir='ltr'>repletus,</span> <span class='ocrx_word' id='word_1_190' title='bbox 1411 2278 1575 2309; x_wconf 88' lang='lat' dir='ltr'>omnes</span> 
     </span>
     <span class='ocr_line' id='line_1_28' title="bbox 167 2337 1575 2402; baseline -0.001 -15"><span class='ocrx_word' id='word_1_191' title='bbox 167 2355 277 2387; x_wconf 91' lang='lat' dir='ltr'>suos</span> <span class='ocrx_word' id='word_1_192' title='bbox 304 2338 536 2386; x_wconf 87' lang='lat' dir='ltr'>exercitus</span> <span class='ocrx_word' id='word_1_193' title='bbox 569 2339 870 2402; x_wconf 86' lang='lat' dir='ltr'>congregavit</span> <span class='ocrx_word' id='word_1_194' title='bbox 895 2339 954 2386; x_wconf 90' lang='lat' dir='ltr'>ad</span> <span class='ocrx_word' id='word_1_195' title='bbox 986 2338 1192 2386; x_wconf 89' lang='lat' dir='ltr'>eundum</span> <span class='ocrx_word' id='word_1_196' title='bbox 1224 2345 1386 2385; x_wconf 89' lang='lat' dir='ltr'>contra</span> <span class='ocrx_word' id='word_1_197' title='bbox 1418 2337 1575 2400; x_wconf 90' lang='lat' dir='ltr'>ipsum</span> 
     </span>
     <span class='ocr_line' id='line_1_29' title="bbox 167 2414 1574 2465; baseline -0.002 -1"><span class='ocrx_word' id='word_1_198' title='bbox 167 2415 488 2465; x_wconf 85' lang='lat' dir='ltr'>adversarium</span> <span class='ocrx_word' id='word_1_199' title='bbox 507 2432 644 2463; x_wconf 90' lang='lat' dir='ltr'>suum</span> <span class='ocrx_word' id='word_1_200' title='bbox 658 2416 984 2463; x_wconf 91' lang='lat' dir='ltr'>Temurlanum</span> <span class='ocrx_word' id='word_1_201' title='bbox 1005 2421 1051 2462; x_wconf 93' lang='lat' dir='ltr'>et</span> <span class='ocrx_word' id='word_1_202' title='bbox 1068 2415 1193 2462; x_wconf 88' lang='lat' dir='ltr'>misit</span> <span class='ocrx_word' id='word_1_203' title='bbox 1213 2415 1272 2462; x_wconf 92' lang='lat' dir='ltr'>ad</span> <span class='ocrx_word' id='word_1_204' title='bbox 1289 2431 1397 2462; x_wconf 91' lang='lat' dir='ltr'>eum</span> <span class='ocrx_word' id='word_1_205' title='bbox 1414 2414 1574 2461; x_wconf 90' lang='lat' dir='ltr'>amba-</span> 
     </span>
     <span class='ocr_line' id='line_1_30' title="bbox 167 2493 1574 2557; baseline -0.001 -15"><span class='ocrx_word' id='word_1_206' title='bbox 167 2495 370 2542; x_wconf 87' lang='lat' dir='ltr'>xiatores</span> <span class='ocrx_word' id='word_1_207' title='bbox 396 2510 523 2550; x_wconf 83' lang='lat' dir='ltr'>suOS,</span> <span class='ocrx_word' id='word_1_208' title='bbox 545 2493 769 2540; x_wconf 88' lang='lat' dir='ltr'>mandans</span> <span class='ocrx_word' id='word_1_209' title='bbox 789 2499 836 2541; x_wconf 93' lang='lat' dir='ltr'>et</span> <span class='ocrx_word' id='word_1_210' title='bbox 855 2494 1118 2557; x_wconf 90' lang='lat' dir='ltr'>precipiens</span> <span class='ocrx_word' id='word_1_211' title='bbox 1136 2499 1185 2541; x_wconf 90' lang='lat' dir='ltr'>ut</span> <span class='ocrx_word' id='word_1_212' title='bbox 1206 2498 1505 2557; x_wconf 85' lang='lat' dir='ltr'>preparasset</span> <span class='ocrx_word' id='word_1_213' title='bbox 1526 2509 1574 2540; x_wconf 91' lang='lat' dir='ltr'>se</span> 
     </span>
     <span class='ocr_line' id='line_1_31' title="bbox 167 2569 1574 2635; baseline -0.002 -16"><span class='ocrx_word' id='word_1_214' title='bbox 167 2572 226 2620; x_wconf 89' lang='lat' dir='ltr'>ad</span> <span class='ocrx_word' id='word_1_215' title='bbox 254 2572 453 2635; x_wconf 90' lang='lat' dir='ltr'>prelium</span> <span class='ocrx_word' id='word_1_216' title='bbox 477 2577 554 2618; x_wconf 90' lang='lat' dir='ltr'>aut</span> <span class='ocrx_word' id='word_1_217' title='bbox 578 2588 626 2618; x_wconf 88' lang='lat' dir='ltr'>se</span> <span class='ocrx_word' id='word_1_218' title='bbox 652 2570 870 2618; x_wconf 89' lang='lat' dir='ltr'>redderet</span> <span class='ocrx_word' id='word_1_219' title='bbox 896 2571 1009 2629; x_wconf 82' lang='lat' dir='ltr'>sibi3</span> <span class='ocrx_word' id='word_1_220' title='bbox 1037 2577 1085 2618; x_wconf 90' lang='lat' dir='ltr'>et</span> <span class='ocrx_word' id='word_1_221' title='bbox 1110 2571 1147 2619; x_wconf 93' lang='lat' dir='ltr'>si</span> <span class='ocrx_word' id='word_1_222' title='bbox 1181 2587 1230 2618; x_wconf 91' lang='lat' dir='ltr'>se</span> <span class='ocrx_word' id='word_1_223' title='bbox 1263 2569 1463 2617; x_wconf 84' lang='lat' dir='ltr'>reddere</span> <span class='ocrx_word' id='word_1_224' title='bbox 1496 2575 1574 2617; x_wconf 92' lang='lat' dir='ltr'>aut</span> 
     </span>
     <span class='ocr_line' id='line_1_32' title="bbox 169 2646 1573 2711; baseline -0.002 -15"><span class='ocrx_word' id='word_1_225' title='bbox 169 2649 443 2696; x_wconf 89' lang='lat' dir='ltr'>submittere</span> <span class='ocrx_word' id='word_1_226' title='bbox 461 2648 598 2695; x_wconf 88' lang='lat' dir='ltr'>vellet</span> <span class='ocrx_word' id='word_1_227' title='bbox 615 2664 697 2695; x_wconf 90' lang='lat' dir='ltr'>sue</span> <span class='ocrx_word' id='word_1_228' title='bbox 715 2647 1015 2711; x_wconf 88' lang='lat' dir='ltr'>imperatorie</span> <span class='ocrx_word' id='word_1_229' title='bbox 1036 2647 1282 2709; x_wconf 88' lang='lat' dir='ltr'>majestati,</span> <span class='ocrx_word' id='word_1_230' title='bbox 1307 2646 1364 2693; x_wconf 90' lang='lat' dir='ltr'>ad</span> <span class='ocrx_word' id='word_1_231' title='bbox 1392 2647 1573 2710; x_wconf 88' lang='lat' dir='ltr'>apicem</span> 
     </span>
     <span class='ocr_line' id='line_1_33' title="bbox 171 2724 1547 2790; baseline -0.002 -17"><span class='ocrx_word' id='word_1_232' title='bbox 171 2725 360 2790; x_wconf 85' lang='lat' dir='ltr'>grandis</span> <span class='ocrx_word' id='word_1_233' title='bbox 386 2725 599 2789; x_wconf 88' lang='lat' dir='ltr'>potencie</span> <span class='ocrx_word' id='word_1_234' title='bbox 625 2731 670 2771; x_wconf 87' lang='lat' dir='ltr'>et</span> <span class='ocrx_word' id='word_1_235' title='bbox 694 2724 1020 2772; x_wconf 90' lang='lat' dir='ltr'>dominationis</span> <span class='ocrx_word' id='word_1_236' title='bbox 1047 2725 1202 2789; x_wconf 89' lang='lat' dir='ltr'>ipsum</span> <span class='ocrx_word' id='word_1_237' title='bbox 1228 2729 1547 2788; x_wconf 87' lang='lat' dir='ltr'>promoveret.</span> 
     </span>
    </p>
   </div>
  </div>
 </body>
</html>
