1941 3294
284 224 350 261 ζ274
556 224 922 258 CHRONOGRAPHIA
949 223 1098 254 REGUM
1124 223 1403 256 FRANGORUM.
1578 220 1682 265 [1405

283 303 418 351 valde
439 307 671 350 commota
698 305 797 348 erat
821 304 1015 363 propter
1040 299 1293 347 adventum
1319 299 1450 346 ducis
1472 299 1679 346 Aurelia-

284 380 454 427 nensis.
475 376 758 426 Dubitabant
781 375 902 423 enim
922 374 1219 429 parisienses,
1240 380 1290 422 ut
1316 374 1530 422 dicebant
1550 374 1680 421 adin-

283 456 450 511 vicem,
475 471 532 502 ne
550 454 708 501 villam
733 452 878 516 prede
905 457 1162 514 exponeret
1184 457 1230 499 et
1255 451 1314 499 de
1337 451 1403 498 eis
1428 450 1681 498 occisiones

283 532 453 579 faceret
476 531 524 577 in
549 530 741 585 eodem3
771 544 914 591 quare
946 528 1174 575 innumeri
1202 544 1366 576 eorum
1393 544 1442 574 se
1471 543 1682 574 armave-

282 615 412 665 rant3
442 613 489 655 et
513 611 793 670 cooperture
824 604 994 651 ostium
1021 610 1067 651 et
1095 605 1405 652 fenestrarum
1431 604 1680 651 domorum

282 702 372 748 que
397 684 558 749 gallice
581 682 793 729 huvrelas
813 680 1048 738 dicuntur,
1073 698 1163 744 que
1186 687 1319 728 erant
1340 686 1473 728 extra
1495 680 1679 737 domos,

283 778 368 825 per
402 761 530 808 vicos
567 758 885 806 deiciebantur
923 756 1045 821 (sic),
1084 773 1143 804 ne
1178 757 1462 821 impedirent
1499 756 1557 804 ad
1595 757 1686 804 tela

283 837 509 885 vibranda
528 841 573 883 et
594 833 922 882 dimittendum
941 833 1032 880 labi
1052 833 1229 897 lapides
1249 834 1307 882 de
1327 834 1420 881 alto
1441 839 1546 880 ante
1568 833 1684 881 ostia

284 914 512 962 dictarum
529 912 797 959 domorum.
819 910 1128 957 Armaverant
1145 910 1290 958 eciam
1311 927 1360 958 se
1380 911 1581 958 scolares
1600 927 1686 974 per

284 991 404 1039 ultra
429 994 594 1053 pontes
621 988 668 1034 in
694 987 899 1034 maximo
919 1003 1133 1034 numer0.

348 1070 473 1114 Tunc
498 1065 560 1112 illi
581 1064 639 1112 de
664 1064 854 1111 consilio
877 1059 1026 1127 regis,v
1042 1063 1338 1111 cancellarius
1365 1064 1552 1122 scilicet,
1578 1080 1686 1128 pre-

285 1143 488 1190 sidentes
514 1141 790 1190 parlamenti
818 1146 864 1187 et
889 1140 962 1186 alii
989 1139 1237 1202 sapientes,
1269 1139 1480 1187 videntes
1510 1145 1686 1187 tantam

285 1219 664 1276 commotionem,
683 1217 742 1264 ad
756 1216 1135 1265 concordandum
1151 1216 1386 1280 principes
1404 1222 1450 1264 et
1463 1216 1687 1280 populum

286 1303 332 1344 et
368 1302 565 1360 propter
596 1294 890 1342 evadendum
932 1293 1189 1356 periculum
1219 1293 1345 1355 quod
1384 1292 1490 1340 inde
1532 1298 1690 1357 posset

287 1372 434 1435 sequi,
473 1372 690 1436 fugerunt
721 1370 995 1433 quantocius
1031 1369 1089 1416 ad
1118 1369 1378 1432 hospicium
1403 1369 1686 1433 Andegavie,

286 1449 365 1497 ubi
382 1449 675 1512 reperierunt
691 1447 906 1494 dominos
919 1446 1173 1509 predictos,
1194 1462 1300 1493 cum
1314 1446 1483 1508 quibus
1499 1446 1692 1510 longum

286 1525 567 1588 colloquium
587 1525 850 1571 habuerunt
869 1530 915 1570 et
935 1523 1113 1570 tamdiu
1133 1523 1261 1585 ipsos
1282 1522 1438 1570 verbis
1462 1522 1557 1570 suis
1574 1522 1693 1570 deti-

289 1609 506 1659 nuerunt,
533 1600 660 1664 quod
686 1607 785 1647 erat
810 1616 904 1647 nox
928 1599 1115 1662 quando
1135 1599 1365 1646 exierunt.

353 1682 478 1726 Tunc
511 1677 679 1741 prefati
706 1676 882 1724 domini
916 1675 1295 1724 licienciaverunt
1325 1691 1434 1723 suos
1468 1680 1515 1722 et
1546 1674 1689 1722 eciam

288 1755 385 1803 dux
425 1753 692 1818 Burgundie
742 1769 851 1801 suos
906 1752 1120 1800 homines
1162 1768 1404 1800 armorum
1451 1751 1689 1800 retrahere

284 1832 469 1896 jubens,
500 1830 693 1894 quilibet
719 1830 777 1877 ad
810 1845 946 1877 suum
975 1829 1236 1892 hospicium
1270 1845 1488 1877 reversus
1516 1835 1603 1877 est.
1637 1831 1693 1876 Et

289 1909 475 1956 interim
502 1913 658 1955 tamen
683 1906 742 1953 ad
769 1906 986 1954 noticiam
1006 1907 1165 1970 regine
1185 1911 1231 1953 et
1249 1906 1379 1954 ducis
1397 1906 1696 1953 Aurelianen-

291 1986 354 2034 sis
384 1985 442 2032 de
477 1985 562 2031 hac
599 1983 958 2047 congregatione
996 1999 1077 2030 seu
1115 1983 1426 2030 commotione
1459 1982 1690 2046 pervenit,

292 2062 486 2109 nimium
506 2059 750 2124 stupefacti
776 2061 834 2107 ab
857 2059 1056 2107 invicem
1077 2066 1412 2123 separaverunt
1433 2076 1507 2115 se;
1536 2059 1694 2124 regina

292 2138 481 2186 intravit
506 2138 552 2184 in
579 2154 742 2184 nemus
762 2137 1037 2186 Vicenarum
1064 2143 1107 2183 et
1129 2137 1225 2184 dux
1244 2136 1585 2185 Aurelianensis
1611 2153 1696 2199 per

292 2216 381 2262 iter
407 2231 500 2278 quo
526 2219 718 2260 venerat
744 2229 849 2260 cum
883 2213 979 2260 suis
1005 2212 1222 2260 omnibus
1251 2212 1517 2260 hominibus
1542 2228 1696 2259 armo-

293 2308 399 2340 rum
418 2307 582 2338 versus
607 2289 899 2337 Meledunum
928 2289 1082 2336 rediit.
1107 2289 1197 2337 Sed
1224 2289 1378 2337 statim
1405 2294 1513 2352 post
1537 2304 1696 2336 rever-

294 2375 396 2416 tens
416 2368 459 2415 in
483 2368 676 2414 domum
692 2382 833 2429 super
850 2369 1121 2424 Matronam,
1141 2366 1299 2430 gallice
1318 2366 1489 2413 dictam
1506 2366 1693 2421 Βεαατέ,

296 2446 353 2492 ad
379 2462 427 2492 se
455 2444 700 2491 locandum
726 2443 931 2499 intravit,
957 2448 1002 2489 et
1027 2459 1190 2489 omnes
1216 2442 1285 2489 sui
1309 2442 1519 2490 homines
1543 2458 1698 2488 armo-

295 2539 401 2569 rum
425 2520 549 2584 apud
576 2521 838 2568 Charenton
859 2525 904 2566 et
930 2519 1227 2566 circumcirca
1254 2536 1304 2566 se
1330 2519 1618 2566 locaverunt.

361 2598 564 2646 Tandem
596 2596 793 2660 expletis
825 2612 993 2642 novem
1023 2595 1364 2644 ebdomadibus
1396 2594 1694 2658 supradictis,

299 2674 359 2722 liii
389 2675 528 2722 ambo
554 2673 696 2721 duces
719 2672 1059 2720 Aurelianensis
1085 2673 1297 2720 videlicet
1332 2677 1377 2718 et
1413 2670 1692 2735 Burgundie‚
