1941 3294
335 234 401 270 192
604 234 972 285 CHRONOGQPHIA
997 233 1150 265 REGUM
1173 232 1453 265 FRANCORUM.
1622 229 1727 276 [1402

333 315 483 378 burgo
494 312 801 360 annuentibus
815 327 924 375 rege
940 309 1124 356 Boemie
1140 309 1498 371 marchioneque
1512 309 1726 365 Moravie,

333 408 439 438 cum
466 390 635 453 quibus
662 390 734 436 vel
754 404 916 435 eorum
936 386 1082 433 altero
1105 386 1302 449 speciale
1329 392 1516 448 pactum
1542 383 1730 448 pepige-

334 474 422 514 rat.
470 469 569 523 Quo
610 471 823 528 recepto,
869 479 921 509 ac
960 461 1124 525 positis
1162 461 1503 526 garnisionibus
1540 476 1731 507 suorum

332 541 573 590 hominum
607 541 654 587 in
685 540 805 586 villis
840 545 885 586 et
916 538 1080 585 castris
1111 537 1318 601 ejusdem
1350 538 1560 592 ducatus,
1595 536 1732 599 paulo

333 624 438 665 ante
458 619 628 665 festum
644 616 859 663 Omnium
875 616 1150 661 Sanctorum
1164 630 1382 660 reversus
1401 619 1472 659 est
1484 612 1684 660 Parisius
1696 612 1728 658 ¹.

398 697 499 740 Dux
525 708 713 756 quoque
739 689 1021 753 Burgundie,
1053 694 1185 752 capta
1212 688 1507 752 possessione
1538 687 1734 734 ducatus

332 769 565 817 Britannie
603 784 660 814 ex
693 773 825 830 parte
862 766 986 829 regis
1028 765 1234 821 Francie,
1276 781 1363 828 pro
1398 763 1581 827 prefato
1615 762 1732 809 duce

333 846 443 892 dicti
470 845 663 891 ducatus
692 844 736 889 in
771 841 1030 888 minoribus
1061 841 1306 898 existente,
1341 845 1588 904 postquam
1613 845 1734 885 trac-

332 922 446 968 tavit
483 937 590 968 cum
627 926 767 982 nepte
805 935 887 966 sua
925 917 1125 974 ducissa,
1168 924 1316 965 matre
1351 918 1468 980 ejus,
1506 916 1572 963 sic
1607 914 1733 979 quod

331 998 430 1060 ipsa
452 995 668 1060 quittavit
697 996 736 1042 ei
764 1011 902 1042 omne
925 994 1144 1057 doagium
1171 993 1297 1056 quod
1326 994 1413 1041 sibi
1441 992 1736 1056 competebat

331 1073 390 1120 ad
410 1073 550 1120 vitam
573 1088 724 1127 suam,
745 1087 834 1134 pro
857 1076 982 1117 certa
1003 1076 1048 1116 et
1069 1086 1221 1116 annua
1237 1069 1538 1132 pecuniarum
1556 1084 1736 1115 somma

335 1150 420 1196 sibi
460 1150 504 1196 in
539 1148 752 1213 Angliam
785 1145 1147 1209 transportanda
1181 1162 1234 1192 ac
1271 1144 1519 1201 solvenda3
1563 1143 1736 1191 relictis

332 1226 506 1273 ibidem
545 1223 903 1288 garnisionibus‚
943 1222 1053 1269 exiit
1084 1221 1143 1269 de
1171 1221 1403 1268 Britannia
1435 1238 1488 1267 ac
1518 1236 1736 1267 reversus

333 1309 403 1349 est
429 1301 645 1357 Parisins,
672 1316 828 1347 secum
850 1299 1054 1345 aducens
1077 1298 1310 1360 prefatum
1324 1297 1546 1360 juvenem
1567 1296 1736 1343 ducem

332 1377 565 1424 Britannie
583 1382 629 1422 et
654 1375 772 1422 duos
793 1375 958 1421 fratres
979 1373 1094 1436 ejus.
1119 1372 1307 1419 Ducissa
1332 1377 1486 1418 autem
1511 1370 1736 1418 recedens

332 1453 634 1507 Britanniam,
665 1450 855 1497 intravit
876 1465 1007 1496 vmare
1031 1456 1077 1495 et
1096 1447 1413 1495 transfretavit
1432 1448 1478 1493 in
1501 1446 1731 1510 Angliam,

335 1545 472 1576 causa
500 1527 786 1590 supradicta.

399 1604 570 1652 Deinde
590 1603 750 1667 paucis
776 1601 1029 1666 interjectis
1050 1599 1261 1656 diebus2,
1291 1606 1394 1646 orta
1419 1605 1490 1646 est
1506 1598 1737 1646 discordia

338 1773 354 1793 α
375 1758 486 1806 profit
506 1757 556 1793 du
577 1757 633 1793 roi
659 1762 696 1793 et
726 1756 775 1792 du
803 1765 988 1802 royaume
1013 1767 1026 1788 n
1060 1754 1205 1800 (Comte
1231 1753 1276 1789 de
1307 1752 1484 1790 Circourt
1511 1758 1548 1789 et
1574 1752 1626 1788 Dr
1649 1751 1737 1788 Van

336 1817 553 1862 Werveke,
587 1817 802 1851 Documents
835 1815 1146 1858 luscembouryeois
1179 1813 1201 1847 ὰ
1233 1814 1356 1853 Paris,
1391 1823 1427 1858 p.
1460 1811 1529 1854 32).
1561 1811 1593 1847 ΙΙ
1621 1811 1738 1858 partit

334 1876 486 1913 ensuite
513 1886 609 1922 pour
637 1873 798 1921 prendre
828 1872 1050 1920 possession
1077 1871 1121 1906 de
1153 1881 1196 1907 ce
1223 1881 1402 1906 nouveau
1428 1869 1618 1915 domaine,
1641 1872 1690 1906 ou
1711 1869 1739 1905 il

335 1935 462 1971 arriva
482 1935 504 1969 a
524 1933 560 1968 la
580 1933 632 1968 fin
654 1932 703 1968 du
725 1932 823 1967 mois
844 1931 889 1966 de
910 1929 1125 1977 septembre
1147 1929 1202 1975 (E.
1226 1929 1355 1975 Jarry,
1378 1931 1414 1964 la
1435 1930 1491 1964 Vie
1506 1930 1683 1973 potitique
1697 1929 1738 1964 de

335 1995 439 2030 Louis
458 1994 499 2027 de
521 1994 667 2032 France,
698 1992 768 2026 duc
795 1990 997 2031 cl’Orle'ans‚
1021 2000 1058 2035 p.
1081 1988 1162 2024 275.
1185 2008 1230 2014 —
1251 1988 1458 2033 chronique
1481 1989 1531 2023 du
1551 1989 1738 2033 Reziyieux

335 2054 375 2088 de
395 2052 659 2095 Same-Deum,
684 2056 711 2084 t.
735 2048 807 2092 HI,
829 2059 864 2095 p.
888 2048 959 2094 4-2).

384 2112 416 2146 1.
441 2110 600 2156 D'apres
620 2120 690 2145 son
711 2107 912 2152 historien,
934 2107 960 2142 il
981 2118 1006 2153 y
1030 2105 1155 2142 aurait
1176 2106 1211 2141 la
1232 2116 1307 2142 une
1328 2116 1462 2141 erreur
1475 2105 1520 2141 de
1540 2106 1628 2151 pres
1648 2105 1739 2141 d'un

335 2169 434 2205 mois
458 2181 465 2203 :
491 2168 523 2203 le
545 2166 618 2203 duc
639 2166 839 2202 d’Orleans
855 2176 902 2200 ne
921 2164 1038 2200 serait
1056 2175 1123 2210 pas
1146 2165 1273 2200 rentre
1295 2163 1317 2199 a
1339 2164 1448 2199 Paris
1464 2169 1580 2200 avant
1601 2164 1638 2199 la
1651 2175 1740 2210 pre-

334 2226 453 2261 miere
474 2224 679 2271 quinzaine
700 2223 744 2258 de
766 2223 968 2258 decembre
991 2222 1080 2257 1402
1110 2222 1163 2267 (E.
1187 2222 1317 2268 Jarry,
1347 2224 1383 2256 la
1418 2223 1472 2257 Vie
1492 2224 1670 2267 potitique
1697 2224 1738 2259 de

335 2287 440 2321 Louis
458 2285 499 2318 de
520 2285 668 2326 Franco,
690 2283 760 2317 duc
780 2281 983 2321 d'Orleans,
1008 2291 1044 2326 p.
1068 2280 1164 2325 ζ277).

383 2344 417 2379 2.
440 2343 494 2378 La
521 2342 725 2386 Chronz'que
750 2341 1009 2385 d'Enyuerran
1035 2340 1076 2374 de
1104 2341 1311 2374 Monstrelet
1338 2338 1410 2384 (ed.
1434 2338 1561 2374 Donet
1580 2339 1736 2386 d'Arcq,

338 2407 364 2438 t.
396 2402 427 2445 I,
456 2412 492 2447 p.
523 2400 596 2446 35),
627 2399 718 2435 dont
750 2409 801 2434 on
834 2404 1008 2434 constate
1036 2397 1258 2433 facilement
1284 2397 1320 2433 la
1346 2399 1504 2443 parente
1532 2397 1676 2444 (depuis
1703 2398 1738 2434 le

338 2467 468 2497 retour
488 2471 536 2495 en
557 2459 705 2494 France
727 2458 772 2493 de
793 2457 829 2492 la.
846 2457 963 2503 jeune
994 2456 1099 2492 reine
1126 2456 1300 2500 Isabelle)
1323 2467 1415 2492 avec
1437 2456 1471 2492 le
1493 2456 1589 2492 recit
1611 2467 1682 2503 que
1701 2457 1738 2504 je

336 2518 480 2567 public,
510 2523 566 2553 est
595 2517 684 2552 bien
712 2515 942 2562 incompleta
971 2526 1065 2561 pour
1096 2526 1138 2552 ce
1166 2514 1400 2562 passage-ci.
1432 2514 1516 2550 Elle
1547 2514 1738 2561 reproduit

337 2579 497 2615 l’erreur
516 2576 630 2624 qu’on
658 2576 782 2612 releve
810 2575 874 2612 ici.
897 2575 957 2610 En
988 2574 1091 2619 effet,
1122 2581 1222 2610 cette
1252 2574 1353 2620 prise
1374 2573 1538 2609 d'armes
1559 2580 1616 2609 est
1636 2574 1682 2610 de
1702 2574 1739 2610 la

340 2637 393 2672 fin
412 2637 456 2673 de
478 2636 629 2671 l’annee
652 2635 737 2670 1401
761 2640 799 2670 et
820 2645 898 2670 non
918 2633 963 2669 de
985 2633 1086 2669 1402.
1113 2633 1165 2669 Μ.
1186 2633 1232 2668 Ε.
1254 2632 1369 2680 Jarry
1390 2643 1411 2668 a
1432 2631 1557 2667 releva
1584 2631 1680 2668 dans
1701 2635 1739 2669 ια

350 2697 404 2733 Vie
420 2696 597 2741 potitique
616 2695 656 2730 de
679 2695 782 2729 Louis
802 2695 842 2729 de
863 2694 1010 2735 Franco,
1034 2693 1104 2728 duc
1123 2692 1312 2728 d'Orle'ans
1333 2693 1382 2738 (p.
1412 2690 1490 2737 262)
1514 2701 1567 2727 un
1588 2691 1738 2729 certain
