<?xml version="1.0" encoding="UTF-8"?>
<!DOCTYPE html PUBLIC "-//W3C//DTD XHTML 1.0 Transitional//EN"
    "http://www.w3.org/TR/xhtml1/DTD/xhtml1-transitional.dtd">
<html xmlns="http://www.w3.org/1999/xhtml" xml:lang="en" lang="en">
 <head>
  <title>
</title>
<meta http-equiv="Content-Type" content="text/html;charset=utf-8" />
  <meta name='ocr-system' content='tesseract 3.04.00' />
  <meta name='ocr-capabilities' content='ocr_page ocr_carea ocr_par ocr_line ocrx_word'/>
</head>
<body>
  <div class='ocr_page' id='page_1' title='image "./chronographiareg03mora_0135.png"; bbox 0 0 1941 3294; ppageno 0'>
   <div class='ocr_carea' id='block_1_1' title="bbox 201 275 1599 323">
    <p class='ocr_par' dir='ltr' id='par_1_1' title="bbox 201 275 1599 323">
     <span class='ocr_line' id='line_1_1' title="bbox 201 275 1599 323; baseline -0.001 -10"><span class='ocrx_word' id='word_1_1' title='bbox 201 276 305 323; x_wconf 85' lang='lat'><strong>1385]</strong></span> <span class='ocrx_word' id='word_1_2' title='bbox 476 278 847 312; x_wconf 81' lang='lat' dir='ltr'><strong>GHRONOGRAPHIA</strong></span> <span class='ocrx_word' id='word_1_3' title='bbox 871 278 1024 311; x_wconf 83' lang='lat' dir='ltr'><strong>REGUM</strong></span> <span class='ocrx_word' id='word_1_4' title='bbox 1048 276 1328 310; x_wconf 84' lang='lat' dir='ltr'><strong>FRANCORUM.</strong></span> <span class='ocrx_word' id='word_1_5' title='bbox 1556 275 1599 312; x_wconf 86' lang='lat'>73</span> 
     </span>
    </p>
   </div>
   <div class='ocr_carea' id='block_1_2' title="bbox 190 356 1604 1725">
    <p class='ocr_par' dir='ltr' id='par_1_2' title="bbox 194 356 1603 1036">
     <span class='ocr_line' id='line_1_2' title="bbox 199 356 1597 423; baseline -0.003 -16"><span class='ocrx_word' id='word_1_6' title='bbox 199 360 279 423; x_wconf 92' lang='lat' dir='ltr'>qui</span> <span class='ocrx_word' id='word_1_7' title='bbox 309 365 409 407; x_wconf 87' lang='lat' dir='ltr'>erat</span> <span class='ocrx_word' id='word_1_8' title='bbox 436 359 481 406; x_wconf 89' lang='lat' dir='ltr'>in</span> <span class='ocrx_word' id='word_1_9' title='bbox 512 357 721 422; x_wconf 89' lang='lat' dir='ltr'>hospicio</span> <span class='ocrx_word' id='word_1_10' title='bbox 753 374 837 405; x_wconf 93' lang='lat' dir='ltr'>suo</span> <span class='ocrx_word' id='word_1_11' title='bbox 867 357 1019 406; x_wconf 85' lang='lat' dir='ltr'>Sancti</span> <span class='ocrx_word' id='word_1_12' title='bbox 1050 356 1223 405; x_wconf 89' lang='lat' dir='ltr'>Pauli¹.</span> <span class='ocrx_word' id='word_1_13' title='bbox 1258 356 1340 404; x_wconf 92' lang='lat' dir='ltr'>Die</span> <span class='ocrx_word' id='word_1_14' title='bbox 1366 357 1597 420; x_wconf 85' lang='lat' dir='ltr'><strong>sequenti,</strong></span> 
     </span>
     <span class='ocr_line' id='line_1_3' title="bbox 197 433 1601 497; baseline -0.004 -13"><span class='ocrx_word' id='word_1_15' title='bbox 197 435 478 492; x_wconf 86' lang='lat' dir='ltr'>Ludovicus,</span> <span class='ocrx_word' id='word_1_16' title='bbox 513 451 598 482; x_wconf 85' lang='lat' dir='ltr'>rex</span> <span class='ocrx_word' id='word_1_17' title='bbox 633 434 797 490; x_wconf 85' lang='lat' dir='ltr'>Sicilie,</span> <span class='ocrx_word' id='word_1_18' title='bbox 835 435 957 481; x_wconf 90' lang='lat' dir='ltr'>filius</span> <span class='ocrx_word' id='word_1_19' title='bbox 991 434 1106 497; x_wconf 87' lang='lat' dir='ltr'>ejus,</span> <span class='ocrx_word' id='word_1_20' title='bbox 1147 433 1275 480; x_wconf 90' lang='lat' dir='ltr'>venit</span> <span class='ocrx_word' id='word_1_21' title='bbox 1310 433 1511 480; x_wconf 88' lang='lat' dir='ltr'>Parisius</span> <span class='ocrx_word' id='word_1_22' title='bbox 1542 433 1601 480; x_wconf 91' lang='lat' dir='ltr'>ad</span> 
     </span>
     <span class='ocr_line' id='line_1_4' title="bbox 198 509 1598 577; baseline -0.002 -17"><span class='ocrx_word' id='word_1_23' title='bbox 198 529 359 577; x_wconf 83' lang='lat' dir='ltr'>regem</span> <span class='ocrx_word' id='word_1_24' title='bbox 392 528 498 559; x_wconf 92' lang='lat' dir='ltr'>cum</span> <span class='ocrx_word' id='word_1_25' title='bbox 531 510 618 559; x_wconf 94' lang='lat' dir='ltr'>hiis</span> <span class='ocrx_word' id='word_1_26' title='bbox 646 511 726 574; x_wconf 90' lang='lat' dir='ltr'>qui</span> <span class='ocrx_word' id='word_1_27' title='bbox 761 510 820 559; x_wconf 93' lang='lat' dir='ltr'>de</span> <span class='ocrx_word' id='word_1_28' title='bbox 852 510 1052 558; x_wconf 88' lang='lat' dir='ltr'>Parisius</span> <span class='ocrx_word' id='word_1_29' title='bbox 1080 509 1291 557; x_wconf 86' lang='lat' dir='ltr'>exierant</span> <span class='ocrx_word' id='word_1_30' title='bbox 1321 509 1509 557; x_wconf 87' lang='lat' dir='ltr'>obviam</span> <span class='ocrx_word' id='word_1_31' title='bbox 1539 510 1598 568; x_wconf 92' lang='lat' dir='ltr'>ei,</span> 
     </span>
     <span class='ocr_line' id='line_1_5' title="bbox 199 587 1603 652; baseline -0.003 -14"><span class='ocrx_word' id='word_1_32' title='bbox 199 589 371 638; x_wconf 90' lang='lat' dir='ltr'>scilicet</span> <span class='ocrx_word' id='word_1_33' title='bbox 395 605 501 637; x_wconf 92' lang='lat' dir='ltr'>cum</span> <span class='ocrx_word' id='word_1_34' title='bbox 526 605 636 652; x_wconf 86' lang='lat' dir='ltr'>rege</span> <span class='ocrx_word' id='word_1_35' title='bbox 670 588 906 645; x_wconf 89' lang='lat' dir='ltr'>Armenie,</span> <span class='ocrx_word' id='word_1_36' title='bbox 943 587 1140 636; x_wconf 91' lang='lat' dir='ltr'>ducibus</span> <span class='ocrx_word' id='word_1_37' title='bbox 1167 587 1358 644; x_wconf 91' lang='lat' dir='ltr'>Biturie,</span> <span class='ocrx_word' id='word_1_38' title='bbox 1390 590 1603 652; x_wconf 88' lang='lat' dir='ltr'>Burgun-</span> 
     </span>
     <span class='ocr_line' id='line_1_6' title="bbox 196 663 1601 724; baseline -0.001 -10"><span class='ocrx_word' id='word_1_39' title='bbox 196 666 296 724; x_wconf 91' lang='lat' dir='ltr'>die,</span> <span class='ocrx_word' id='word_1_40' title='bbox 339 664 581 722; x_wconf 89' lang='lat' dir='ltr'>Borbonii,</span> <span class='ocrx_word' id='word_1_41' title='bbox 628 667 766 712; x_wconf 87' lang='lat' dir='ltr'>Petro</span> <span class='ocrx_word' id='word_1_42' title='bbox 809 665 868 713; x_wconf 90' lang='lat' dir='ltr'>de</span> <span class='ocrx_word' id='word_1_43' title='bbox 913 668 1142 721; x_wconf 85' lang='lat' dir='ltr'>Navarra,</span> <span class='ocrx_word' id='word_1_44' title='bbox 1189 663 1499 712; x_wconf 82' lang='lat' dir='ltr'>cardinalibus</span> <span class='ocrx_word' id='word_1_45' title='bbox 1542 664 1601 712; x_wconf 92' lang='lat' dir='ltr'>de</span> 
     </span>
     <span class='ocr_line' id='line_1_7' title="bbox 196 740 1599 806; baseline -0.001 -16"><span class='ocrx_word' id='word_1_46' title='bbox 196 741 527 806; x_wconf 87' lang='lat' dir='ltr'>Luxemburgo</span> <span class='ocrx_word' id='word_1_47' title='bbox 546 746 592 788; x_wconf 90' lang='lat' dir='ltr'>et</span> <span class='ocrx_word' id='word_1_48' title='bbox 612 741 670 788; x_wconf 92' lang='lat' dir='ltr'>de</span> <span class='ocrx_word' id='word_1_49' title='bbox 689 741 912 789; x_wconf 88' lang='lat' dir='ltr'>Lauduno</span> <span class='ocrx_word' id='word_1_50' title='bbox 932 747 1043 789; x_wconf 90' lang='lat' dir='ltr'>tunc</span> <span class='ocrx_word' id='word_1_51' title='bbox 1067 740 1269 789; x_wconf 90' lang='lat' dir='ltr'>Parisius</span> <span class='ocrx_word' id='word_1_52' title='bbox 1288 741 1599 798; x_wconf 88' lang='lat' dir='ltr'>morantibus,</span> 
     </span>
     <span class='ocr_line' id='line_1_8' title="bbox 195 817 1599 882; baseline -0.002 -15"><span class='ocrx_word' id='word_1_53' title='bbox 195 825 242 867; x_wconf 91' lang='lat' dir='ltr'>et</span> <span class='ocrx_word' id='word_1_54' title='bbox 273 818 485 882; x_wconf 92' lang='lat' dir='ltr'>pluribus</span> <span class='ocrx_word' id='word_1_55' title='bbox 513 817 612 865; x_wconf 91' lang='lat' dir='ltr'>aliis</span> <span class='ocrx_word' id='word_1_56' title='bbox 646 817 914 875; x_wconf 84' lang='lat' dir='ltr'>comitibus,</span> <span class='ocrx_word' id='word_1_57' title='bbox 951 817 1142 882; x_wconf 88' lang='lat' dir='ltr'>prelatis</span> <span class='ocrx_word' id='word_1_58' title='bbox 1171 823 1219 864; x_wconf 91' lang='lat' dir='ltr'>et</span> <span class='ocrx_word' id='word_1_59' title='bbox 1248 817 1347 865; x_wconf 85' lang='lat' dir='ltr'>aliis</span> <span class='ocrx_word' id='word_1_60' title='bbox 1378 817 1599 865; x_wconf 87' lang='lat' dir='ltr'>dominis.</span> 
     </span>
     <span class='ocr_line' id='line_1_9' title="bbox 194 893 1603 958; baseline -0.001 -15"><span class='ocrx_word' id='word_1_61' title='bbox 194 897 294 944; x_wconf 87' lang='lat' dir='ltr'>Rex</span> <span class='ocrx_word' id='word_1_62' title='bbox 330 900 487 942; x_wconf 89' lang='lat' dir='ltr'>autem</span> <span class='ocrx_word' id='word_1_63' title='bbox 521 894 712 941; x_wconf 86' lang='lat' dir='ltr'>Francie</span> <span class='ocrx_word' id='word_1_64' title='bbox 748 894 1004 941; x_wconf 90' lang='lat' dir='ltr'>honorifice</span> <span class='ocrx_word' id='word_1_65' title='bbox 1040 893 1246 957; x_wconf 86' lang='lat' dir='ltr'>suscepit</span> <span class='ocrx_word' id='word_1_66' title='bbox 1282 893 1428 958; x_wconf 90' lang='lat' dir='ltr'>[eum]</span> <span class='ocrx_word' id='word_1_67' title='bbox 1463 899 1603 958; x_wconf 85' lang='lat' dir='ltr'>atque</span> 
     </span>
     <span class='ocr_line' id='line_1_10' title="bbox 194 970 998 1036; baseline -0.001 -17"><span class='ocrx_word' id='word_1_68' title='bbox 194 987 420 1036; x_wconf 85' lang='lat' dir='ltr'>magnum</span> <span class='ocrx_word' id='word_1_69' title='bbox 441 971 710 1019; x_wconf 89' lang='lat' dir='ltr'>convivium</span> <span class='ocrx_word' id='word_1_70' title='bbox 736 971 823 1018; x_wconf 91' lang='lat' dir='ltr'>sibi</span> <span class='ocrx_word' id='word_1_71' title='bbox 848 970 998 1018; x_wconf 79' lang='lat' dir='ltr'>fecit2.</span> 
     </span>
    </p>

    <p class='ocr_par' dir='ltr' id='par_1_3' title="bbox 190 1047 1604 1725">
     <span class='ocr_line' id='line_1_11' title="bbox 257 1047 1600 1112; baseline -0.001 -17"><span class='ocrx_word' id='word_1_72' title='bbox 257 1047 443 1095; x_wconf 84' lang='lat' dir='ltr'>Decima</span> <span class='ocrx_word' id='word_1_73' title='bbox 475 1047 550 1095; x_wconf 93' lang='lat' dir='ltr'>die</span> <span class='ocrx_word' id='word_1_74' title='bbox 583 1047 794 1112; x_wconf 91' lang='lat' dir='ltr'>ejusdem</span> <span class='ocrx_word' id='word_1_75' title='bbox 823 1047 1014 1105; x_wconf 86' lang='lat' dir='ltr'>mensis,</span> <span class='ocrx_word' id='word_1_76' title='bbox 1051 1063 1209 1095; x_wconf 90' lang='lat' dir='ltr'>comes</span> <span class='ocrx_word' id='word_1_77' title='bbox 1242 1047 1600 1105; x_wconf 90' lang='lat' dir='ltr'>Potentinensis,</span> 
     </span>
     <span class='ocr_line' id='line_1_12' title="bbox 193 1123 1603 1189; baseline -0.001 -17"><span class='ocrx_word' id='word_1_78' title='bbox 193 1124 479 1189; x_wconf 85' lang='lat' dir='ltr'>Aggrentine</span> <span class='ocrx_word' id='word_1_79' title='bbox 504 1124 764 1188; x_wconf 84' lang='lat' dir='ltr'>provincie,</span> <span class='ocrx_word' id='word_1_80' title='bbox 794 1124 853 1172; x_wconf 91' lang='lat' dir='ltr'>de</span> <span class='ocrx_word' id='word_1_81' title='bbox 879 1124 1103 1189; x_wconf 84' lang='lat' dir='ltr'>progenie</span> <span class='ocrx_word' id='word_1_82' title='bbox 1136 1123 1321 1171; x_wconf 91' lang='lat' dir='ltr'>illorum</span> <span class='ocrx_word' id='word_1_83' title='bbox 1349 1124 1407 1171; x_wconf 92' lang='lat' dir='ltr'>de</span> <span class='ocrx_word' id='word_1_84' title='bbox 1434 1126 1603 1171; x_wconf 87' lang='lat' dir='ltr'>Sancto</span> 
     </span>
     <span class='ocr_line' id='line_1_13' title="bbox 193 1200 1604 1265; baseline -0.001 -17"><span class='ocrx_word' id='word_1_85' title='bbox 193 1201 415 1249; x_wconf 89' lang='lat' dir='ltr'>Severino</span> <span class='ocrx_word' id='word_1_86' title='bbox 441 1201 575 1265; x_wconf 83' lang='lat' dir='ltr'>regni</span> <span class='ocrx_word' id='word_1_87' title='bbox 595 1201 928 1265; x_wconf 83' lang='lat' dir='ltr'>Neapolitani3,</span> <span class='ocrx_word' id='word_1_88' title='bbox 959 1201 1017 1248; x_wconf 91' lang='lat' dir='ltr'>de</span> <span class='ocrx_word' id='word_1_89' title='bbox 1043 1200 1212 1248; x_wconf 90' lang='lat' dir='ltr'>eodem</span> <span class='ocrx_word' id='word_1_90' title='bbox 1237 1217 1384 1265; x_wconf 85' lang='lat' dir='ltr'>regno</span> <span class='ocrx_word' id='word_1_91' title='bbox 1410 1200 1604 1248; x_wconf 89' lang='lat' dir='ltr'>veniens</span> 
     </span>
     <span class='ocr_line' id='line_1_14' title="bbox 191 1276 1602 1334; baseline -0.001 -10"><span class='ocrx_word' id='word_1_92' title='bbox 191 1276 239 1324; x_wconf 91' lang='lat' dir='ltr'>in</span> <span class='ocrx_word' id='word_1_93' title='bbox 275 1278 542 1334; x_wconf 86' lang='lat' dir='ltr'>Franciam,</span> <span class='ocrx_word' id='word_1_94' title='bbox 582 1277 689 1325; x_wconf 88' lang='lat' dir='ltr'>fecit</span> <span class='ocrx_word' id='word_1_95' title='bbox 720 1277 922 1325; x_wconf 88' lang='lat' dir='ltr'>Parisius</span> <span class='ocrx_word' id='word_1_96' title='bbox 956 1293 1101 1325; x_wconf 89' lang='lat' dir='ltr'>unum</span> <span class='ocrx_word' id='word_1_97' title='bbox 1142 1293 1408 1325; x_wconf 89' lang='lat' dir='ltr'>sermonem</span> <span class='ocrx_word' id='word_1_98' title='bbox 1444 1293 1602 1325; x_wconf 89' lang='lat' dir='ltr'>coram</span> 
     </span>
     <span class='ocr_line' id='line_1_15' title="bbox 191 1353 1604 1418; baseline -0.001 -16"><span class='ocrx_word' id='word_1_99' title='bbox 191 1370 321 1418; x_wconf 84' lang='lat' dir='ltr'>rege,</span> <span class='ocrx_word' id='word_1_100' title='bbox 352 1354 651 1417; x_wconf 84' lang='lat' dir='ltr'>presentibus</span> <span class='ocrx_word' id='word_1_101' title='bbox 682 1353 994 1401; x_wconf 88' lang='lat' dir='ltr'>cardinalibus</span> <span class='ocrx_word' id='word_1_102' title='bbox 1026 1360 1072 1401; x_wconf 92' lang='lat' dir='ltr'>et</span> <span class='ocrx_word' id='word_1_103' title='bbox 1104 1353 1413 1418; x_wconf 88' lang='lat' dir='ltr'>principibus,</span> <span class='ocrx_word' id='word_1_104' title='bbox 1449 1354 1604 1417; x_wconf 91' lang='lat' dir='ltr'>requi-</span> 
     </span>
     <span class='ocr_line' id='line_1_16' title="bbox 191 1430 1604 1495; baseline -0.001 -17"><span class='ocrx_word' id='word_1_105' title='bbox 191 1430 394 1494; x_wconf 88' lang='lat' dir='ltr'>sivitque</span> <span class='ocrx_word' id='word_1_106' title='bbox 429 1430 529 1495; x_wconf 84' lang='lat' dir='ltr'>regi</span> <span class='ocrx_word' id='word_1_107' title='bbox 561 1430 753 1478; x_wconf 85' lang='lat' dir='ltr'>Francie</span> <span class='ocrx_word' id='word_1_108' title='bbox 788 1436 838 1477; x_wconf 89' lang='lat' dir='ltr'>ut</span> <span class='ocrx_word' id='word_1_109' title='bbox 865 1436 989 1477; x_wconf 89' lang='lat' dir='ltr'>esset</span> <span class='ocrx_word' id='word_1_110' title='bbox 1014 1436 1256 1493; x_wconf 89' lang='lat' dir='ltr'>protector</span> <span class='ocrx_word' id='word_1_111' title='bbox 1292 1437 1338 1478; x_wconf 92' lang='lat' dir='ltr'>et</span> <span class='ocrx_word' id='word_1_112' title='bbox 1369 1431 1604 1478; x_wconf 85' lang='lat' dir='ltr'>deffensor</span> 
     </span>
     <span class='ocr_line' id='line_1_17' title="bbox 191 1505 1603 1571; baseline 0.001 -19"><span class='ocrx_word' id='word_1_113' title='bbox 191 1505 394 1553; x_wconf 88' lang='lat' dir='ltr'>Ecclesie</span> <span class='ocrx_word' id='word_1_114' title='bbox 417 1512 463 1553; x_wconf 88' lang='lat' dir='ltr'>et</span> <span class='ocrx_word' id='word_1_115' title='bbox 489 1506 559 1553; x_wconf 91' lang='lat' dir='ltr'>sui</span> <span class='ocrx_word' id='word_1_116' title='bbox 579 1506 762 1571; x_wconf 81' lang='lat' dir='ltr'>cognati</span> <span class='ocrx_word' id='word_1_117' title='bbox 783 1506 994 1570; x_wconf 84' lang='lat' dir='ltr'>germani</span> <span class='ocrx_word' id='word_1_118' title='bbox 1018 1506 1143 1570; x_wconf 84' lang='lat' dir='ltr'>regis</span> <span class='ocrx_word' id='word_1_119' title='bbox 1161 1506 1327 1563; x_wconf 88' lang='lat' dir='ltr'>Sicilie,</span> <span class='ocrx_word' id='word_1_120' title='bbox 1352 1512 1396 1554; x_wconf 90' lang='lat' dir='ltr'>et</span> <span class='ocrx_word' id='word_1_121' title='bbox 1419 1512 1470 1554; x_wconf 87' lang='lat' dir='ltr'>ut</span> <span class='ocrx_word' id='word_1_122' title='bbox 1496 1523 1603 1554; x_wconf 90' lang='lat' dir='ltr'>eum</span> 
     </span>
     <span class='ocr_line' id='line_1_18' title="bbox 190 1582 1602 1646; baseline 0.001 -17"><span class='ocrx_word' id='word_1_123' title='bbox 190 1582 532 1630; x_wconf 85' lang='lat' dir='ltr'>transmitteret</span> <span class='ocrx_word' id='word_1_124' title='bbox 565 1582 612 1630; x_wconf 91' lang='lat' dir='ltr'>in</span> <span class='ocrx_word' id='word_1_125' title='bbox 647 1582 864 1639; x_wconf 90' lang='lat' dir='ltr'>Siciliam,</span> <span class='ocrx_word' id='word_1_126' title='bbox 903 1583 1122 1646; x_wconf 90' lang='lat' dir='ltr'>quoniam</span> <span class='ocrx_word' id='word_1_127' title='bbox 1155 1583 1334 1630; x_wconf 91' lang='lat' dir='ltr'>nobiles</span> <span class='ocrx_word' id='word_1_128' title='bbox 1369 1583 1427 1630; x_wconf 91' lang='lat' dir='ltr'>de</span> <span class='ocrx_word' id='word_1_129' title='bbox 1452 1583 1602 1646; x_wconf 88' lang='lat' dir='ltr'>patria</span> 
     </span>
     <span class='ocr_line' id='line_1_19' title="bbox 191 1659 1600 1725; baseline 0.001 -19"><span class='ocrx_word' id='word_1_130' title='bbox 191 1659 411 1708; x_wconf 90' lang='lat' dir='ltr'>eumdem</span> <span class='ocrx_word' id='word_1_131' title='bbox 430 1660 649 1707; x_wconf 89' lang='lat' dir='ltr'>comitem</span> <span class='ocrx_word' id='word_1_132' title='bbox 664 1659 1018 1708; x_wconf 87' lang='lat' dir='ltr'>transmiserant</span> <span class='ocrx_word' id='word_1_133' title='bbox 1032 1660 1091 1707; x_wconf 89' lang='lat' dir='ltr'>ad</span> <span class='ocrx_word' id='word_1_134' title='bbox 1105 1660 1424 1708; x_wconf 90' lang='lat' dir='ltr'>reducendum</span> <span class='ocrx_word' id='word_1_135' title='bbox 1440 1677 1600 1725; x_wconf 86' lang='lat' dir='ltr'>regem</span> 
     </span>
    </p>
   </div>
   <div class='ocr_carea' id='block_1_3' title="bbox 186 1810 1601 2804">
    <p class='ocr_par' dir='ltr' id='par_1_4' title="bbox 190 1810 1601 2024">
     <span class='ocr_line' id='line_1_20' title="bbox 240 1810 1600 1859; baseline 0.001 -12"><span class='ocrx_word' id='word_1_136' title='bbox 240 1812 272 1847; x_wconf 88' lang='lat'>1.</span> <span class='ocrx_word' id='word_1_137' title='bbox 295 1810 357 1848; x_wconf 92' lang='lat' dir='ltr'>On</span> <span class='ocrx_word' id='word_1_138' title='bbox 377 1811 420 1848; x_wconf 81' lang='lat' dir='ltr'>lit</span> <span class='ocrx_word' id='word_1_139' title='bbox 441 1811 538 1847; x_wconf 85' lang='lat' dir='ltr'>dans</span> <span class='ocrx_word' id='word_1_140' title='bbox 558 1811 593 1847; x_wconf 92' lang='lat' dir='ltr'>le</span> <span class='ocrx_word' id='word_1_141' title='bbox 611 1813 773 1848; x_wconf 81' lang='lat' dir='ltr'>Journal</span> <span class='ocrx_word' id='word_1_142' title='bbox 792 1813 833 1847; x_wconf 78' lang='lat' dir='ltr'>de</span> <span class='ocrx_word' id='word_1_143' title='bbox 852 1813 944 1848; x_wconf 85' lang='lat' dir='ltr'>Jean</span> <span class='ocrx_word' id='word_1_144' title='bbox 963 1813 1007 1848; x_wconf 83' lang='lat' dir='ltr'>Le</span> <span class='ocrx_word' id='word_1_145' title='bbox 1027 1813 1133 1848; x_wconf 54' lang='lat' dir='ltr'>Fevre</span> <span class='ocrx_word' id='word_1_146' title='bbox 1156 1813 1194 1857; x_wconf 85' lang='lat' dir='ltr'>(t.</span> <span class='ocrx_word' id='word_1_147' title='bbox 1217 1812 1250 1859; x_wconf 95' lang='lat' dir='ltr'>I,</span> <span class='ocrx_word' id='word_1_148' title='bbox 1265 1823 1302 1859; x_wconf 91' lang='lat' dir='ltr'>p.</span> <span class='ocrx_word' id='word_1_149' title='bbox 1318 1813 1391 1859; x_wconf 86' lang='grc'>86),</span> <span class='ocrx_word' id='word_1_150' title='bbox 1414 1813 1436 1849; x_wconf 70' lang='lat' dir='ltr'>a</span> <span class='ocrx_word' id='word_1_151' title='bbox 1456 1813 1493 1849; x_wconf 84' lang='lat' dir='ltr'>la</span> <span class='ocrx_word' id='word_1_152' title='bbox 1513 1813 1600 1849; x_wconf 82' lang='lat' dir='ltr'>date</span> 
     </span>
     <span class='ocr_line' id='line_1_21' title="bbox 190 1869 1599 1918; baseline 0.002 -13"><span class='ocrx_word' id='word_1_153' title='bbox 190 1869 240 1906; x_wconf 87' lang='lat' dir='ltr'>du</span> <span class='ocrx_word' id='word_1_154' title='bbox 262 1871 282 1905; x_wconf 88' lang='lat'><strong>7</strong></span> <span class='ocrx_word' id='word_1_155' title='bbox 303 1870 441 1906; x_wconf 79' lang='lat' dir='ltr'>sevrier</span> <span class='ocrx_word' id='word_1_156' title='bbox 462 1871 553 1907; x_wconf 84' lang='lat'><strong>1385</strong></span> <span class='ocrx_word' id='word_1_157' title='bbox 576 1884 583 1906; x_wconf 87' lang='lat'>:</span> <span class='ocrx_word' id='word_1_158' title='bbox 611 1883 625 1904; x_wconf 74' lang='grc' dir='ltr'><em>α</em></span> <span class='ocrx_word' id='word_1_159' title='bbox 648 1870 875 1907; x_wconf 78' lang='lat' dir='ltr'>Determine</span> <span class='ocrx_word' id='word_1_160' title='bbox 904 1871 943 1906; x_wconf 87' lang='lat' dir='ltr'>fu</span> <span class='ocrx_word' id='word_1_161' title='bbox 971 1883 1044 1918; x_wconf 89' lang='lat' dir='ltr'>que</span> <span class='ocrx_word' id='word_1_162' title='bbox 1066 1871 1244 1908; x_wconf 81' lang='lat' dir='ltr'>Madame</span> <span class='ocrx_word' id='word_1_163' title='bbox 1264 1872 1449 1908; x_wconf 86' lang='lat' dir='ltr'>entreroit</span> <span class='ocrx_word' id='word_1_164' title='bbox 1471 1883 1599 1909; x_wconf 90' lang='lat' dir='ltr'>secre-</span> 
     </span>
     <span class='ocr_line' id='line_1_22' title="bbox 192 1929 1601 1978; baseline 0.003 -14"><span class='ocrx_word' id='word_1_165' title='bbox 192 1941 208 1963; x_wconf 85' lang='lat'>‹</span> <span class='ocrx_word' id='word_1_166' title='bbox 229 1934 379 1966; x_wconf 86' lang='lat' dir='ltr'>tement</span> <span class='ocrx_word' id='word_1_167' title='bbox 399 1930 435 1965; x_wconf 91' lang='lat' dir='ltr'>le</span> <span class='ocrx_word' id='word_1_168' title='bbox 455 1929 656 1977; x_wconf 87' lang='lat' dir='ltr'>Merquedi</span> <span class='ocrx_word' id='word_1_169' title='bbox 679 1930 711 1974; x_wconf 89' lang='lat'>(8</span> <span class='ocrx_word' id='word_1_170' title='bbox 732 1930 884 1976; x_wconf 81' lang='lat' dir='ltr'>fevrier)</span> <span class='ocrx_word' id='word_1_171' title='bbox 907 1936 946 1967; x_wconf 84' lang='lat' dir='ltr'>et</span> <span class='ocrx_word' id='word_1_172' title='bbox 966 1930 1001 1967; x_wconf 91' lang='lat' dir='ltr'>le</span> <span class='ocrx_word' id='word_1_173' title='bbox 1016 1930 1104 1978; x_wconf 85' lang='lat' dir='ltr'>Roy</span> <span class='ocrx_word' id='word_1_174' title='bbox 1118 1941 1188 1967; x_wconf 89' lang='lat' dir='ltr'>son</span> <span class='ocrx_word' id='word_1_175' title='bbox 1202 1931 1263 1967; x_wconf 89' lang='lat' dir='ltr'>filz</span> <span class='ocrx_word' id='word_1_176' title='bbox 1280 1931 1601 1978; x_wconf 84' lang='lat' dir='ltr'>solempnelment</span> 
     </span>
     <span class='ocr_line' id='line_1_23' title="bbox 192 1987 459 2024; baseline 0 -3"><span class='ocrx_word' id='word_1_177' title='bbox 192 2000 208 2021; x_wconf 76' lang='grc' dir='ltr'>ι</span> <span class='ocrx_word' id='word_1_178' title='bbox 231 1987 266 2023; x_wconf 88' lang='lat' dir='ltr'>le</span> <span class='ocrx_word' id='word_1_179' title='bbox 286 1987 417 2024; x_wconf 85' lang='lat' dir='ltr'>Jeudi.</span> <span class='ocrx_word' id='word_1_180' title='bbox 442 2001 459 2021; x_wconf 76' lang='grc' dir='ltr'><strong>υ</strong></span> 
     </span>
    </p>

    <p class='ocr_par' dir='ltr' id='par_1_5' title="bbox 189 2045 1601 2152">
     <span class='ocr_line' id='line_1_24' title="bbox 235 2045 1601 2094; baseline 0.003 -12"><span class='ocrx_word' id='word_1_181' title='bbox 235 2046 270 2082; x_wconf 77' lang='lat'>2.</span> <span class='ocrx_word' id='word_1_182' title='bbox 296 2045 372 2082; x_wconf 87' lang='lat' dir='ltr'>Sur</span> <span class='ocrx_word' id='word_1_183' title='bbox 392 2046 554 2083; x_wconf 80' lang='lat' dir='ltr'>l’entree</span> <span class='ocrx_word' id='word_1_184' title='bbox 573 2046 623 2082; x_wconf 89' lang='lat' dir='ltr'>du</span> <span class='ocrx_word' id='word_1_185' title='bbox 641 2046 759 2094; x_wconf 90' lang='lat' dir='ltr'>jeune</span> <span class='ocrx_word' id='word_1_186' title='bbox 787 2047 844 2084; x_wconf 86' lang='lat' dir='ltr'>roi</span> <span class='ocrx_word' id='word_1_187' title='bbox 869 2047 915 2084; x_wconf 90' lang='lat' dir='ltr'>de</span> <span class='ocrx_word' id='word_1_188' title='bbox 941 2047 1071 2094; x_wconf 89' lang='lat' dir='ltr'>Sicile,</span> <span class='ocrx_word' id='word_1_189' title='bbox 1094 2047 1177 2085; x_wconf 79' lang='lat' dir='ltr'>voir</span> <span class='ocrx_word' id='word_1_190' title='bbox 1196 2048 1232 2084; x_wconf 87' lang='lat' dir='ltr'>Ie</span> <span class='ocrx_word' id='word_1_191' title='bbox 1256 2049 1416 2086; x_wconf 81' lang='lat' dir='ltr'>Journal</span> <span class='ocrx_word' id='word_1_192' title='bbox 1442 2051 1484 2085; x_wconf 82' lang='lat' dir='ltr'>de</span> <span class='ocrx_word' id='word_1_193' title='bbox 1508 2051 1601 2086; x_wconf 81' lang='lat' dir='ltr'>Jean</span> 
     </span>
     <span class='ocr_line' id='line_1_25' title="bbox 189 2105 627 2152; baseline 0.005 -12"><span class='ocrx_word' id='word_1_194' title='bbox 189 2105 231 2140; x_wconf 82' lang='lat' dir='ltr'>Le</span> <span class='ocrx_word' id='word_1_195' title='bbox 250 2105 356 2140; x_wconf 71' lang='lat' dir='ltr'>Fevre</span> <span class='ocrx_word' id='word_1_196' title='bbox 378 2106 417 2151; x_wconf 88' lang='lat' dir='ltr'>(t.</span> <span class='ocrx_word' id='word_1_197' title='bbox 440 2105 473 2152; x_wconf 91' lang='lat' dir='ltr'>I,</span> <span class='ocrx_word' id='word_1_198' title='bbox 494 2117 530 2152; x_wconf 93' lang='lat' dir='ltr'>p.</span> <span class='ocrx_word' id='word_1_199' title='bbox 553 2106 627 2150; x_wconf 86' lang='grc'>86).</span> 
     </span>
    </p>

    <p class='ocr_par' dir='ltr' id='par_1_6' title="bbox 186 2163 1600 2804">
     <span class='ocr_line' id='line_1_26' title="bbox 235 2163 1599 2213; baseline 0.002 -14"><span class='ocrx_word' id='word_1_200' title='bbox 235 2163 267 2200; x_wconf 84' lang='grc'>3.</span> <span class='ocrx_word' id='word_1_201' title='bbox 303 2163 463 2211; x_wconf 86' lang='lat' dir='ltr'>Hugues</span> <span class='ocrx_word' id='word_1_202' title='bbox 496 2164 542 2201; x_wconf 89' lang='lat' dir='ltr'>de</span> <span class='ocrx_word' id='word_1_203' title='bbox 583 2164 909 2211; x_wconf 84' lang='lat' dir='ltr'>San-Severino,</span> <span class='ocrx_word' id='word_1_204' title='bbox 944 2171 1070 2202; x_wconf 87' lang='lat' dir='ltr'>comte</span> <span class='ocrx_word' id='word_1_205' title='bbox 1103 2165 1149 2202; x_wconf 93' lang='lat' dir='ltr'>de</span> <span class='ocrx_word' id='word_1_206' title='bbox 1182 2165 1375 2213; x_wconf 85' lang='lat' dir='ltr'>Potenza,</span> <span class='ocrx_word' id='word_1_207' title='bbox 1409 2166 1538 2203; x_wconf 85' lang='lat' dir='ltr'>arriva</span> <span class='ocrx_word' id='word_1_208' title='bbox 1577 2167 1599 2202; x_wconf 77' lang='lat' dir='ltr'>a</span> 
     </span>
     <span class='ocr_line' id='line_1_27' title="bbox 190 2222 1599 2272; baseline 0.003 -14"><span class='ocrx_word' id='word_1_209' title='bbox 190 2222 375 2259; x_wconf 84' lang='lat' dir='ltr'>Amboise</span> <span class='ocrx_word' id='word_1_210' title='bbox 408 2223 442 2260; x_wconf 91' lang='lat' dir='ltr'>le</span> <span class='ocrx_word' id='word_1_211' title='bbox 474 2223 519 2260; x_wconf 73' lang='lat'>⁶23</span> <span class='ocrx_word' id='word_1_212' title='bbox 552 2223 754 2261; x_wconf 83' lang='lat' dir='ltr'>decembre</span> <span class='ocrx_word' id='word_1_213' title='bbox 790 2224 879 2261; x_wconf 87' lang='grc'>1384</span> <span class='ocrx_word' id='word_1_214' title='bbox 912 2236 1009 2272; x_wconf 85' lang='lat' dir='ltr'>pour</span> <span class='ocrx_word' id='word_1_215' title='bbox 1043 2225 1280 2269; x_wconf 83' lang='lat' dir='ltr'>s&#39;entendre,</span> <span class='ocrx_word' id='word_1_216' title='bbox 1315 2237 1364 2262; x_wconf 85' lang='lat' dir='ltr'>au</span> <span class='ocrx_word' id='word_1_217' title='bbox 1402 2236 1494 2262; x_wconf 91' lang='lat' dir='ltr'>nom</span> <span class='ocrx_word' id='word_1_218' title='bbox 1532 2226 1599 2262; x_wconf 92' lang='lat' dir='ltr'>des</span> 
     </span>
     <span class='ocr_line' id='line_1_28' title="bbox 190 2280 1599 2332; baseline 0.003 -15"><span class='ocrx_word' id='word_1_219' title='bbox 190 2281 347 2328; x_wconf 81' lang='lat' dir='ltr'>regents</span> <span class='ocrx_word' id='word_1_220' title='bbox 368 2280 414 2318; x_wconf 87' lang='lat' dir='ltr'>de</span> <span class='ocrx_word' id='word_1_221' title='bbox 436 2281 568 2328; x_wconf 86' lang='lat' dir='ltr'>Sicile,</span> <span class='ocrx_word' id='word_1_222' title='bbox 591 2293 685 2320; x_wconf 84' lang='lat' dir='ltr'>avec</span> <span class='ocrx_word' id='word_1_223' title='bbox 705 2283 742 2319; x_wconf 85' lang='lat' dir='ltr'>la</span> <span class='ocrx_word' id='word_1_224' title='bbox 762 2283 954 2322; x_wconf 86' lang='lat' dir='ltr'>duchesse</span> <span class='ocrx_word' id='word_1_225' title='bbox 972 2283 1157 2332; x_wconf 87' lang='lat' dir='ltr'>d&#39;Anj0u,</span> <span class='ocrx_word' id='word_1_226' title='bbox 1177 2284 1319 2321; x_wconf 87' lang='lat' dir='ltr'>tutrice</span> <span class='ocrx_word' id='word_1_227' title='bbox 1339 2284 1389 2320; x_wconf 93' lang='lat' dir='ltr'>du</span> <span class='ocrx_word' id='word_1_228' title='bbox 1406 2284 1525 2332; x_wconf 86' lang='lat' dir='ltr'>jeune</span> <span class='ocrx_word' id='word_1_229' title='bbox 1542 2285 1599 2322; x_wconf 93' lang='lat' dir='ltr'>roi</span> 
     </span>
     <span class='ocr_line' id='line_1_29' title="bbox 189 2340 1600 2390; baseline 0.002 -14"><span class='ocrx_word' id='word_1_230' title='bbox 189 2340 307 2377; x_wconf 87' lang='lat' dir='ltr'>Louis</span> <span class='ocrx_word' id='word_1_231' title='bbox 327 2340 377 2376; x_wconf 94' lang='grc' dir='ltr'>ΙΙ.</span> <span class='ocrx_word' id='word_1_232' title='bbox 400 2341 454 2377; x_wconf 91' lang='lat' dir='ltr'>Le</span> <span class='ocrx_word' id='word_1_233' title='bbox 477 2341 518 2378; x_wconf 91' lang='lat'>31</span> <span class='ocrx_word' id='word_1_234' title='bbox 542 2341 744 2379; x_wconf 77' lang='lat' dir='ltr'>decembre</span> <span class='ocrx_word' id='word_1_235' title='bbox 767 2343 872 2390; x_wconf 85' lang='lat'>1384,</span> <span class='ocrx_word' id='word_1_236' title='bbox 895 2343 929 2379; x_wconf 89' lang='lat' dir='ltr'>le</span> <span class='ocrx_word' id='word_1_237' title='bbox 952 2349 1078 2380; x_wconf 86' lang='lat' dir='ltr'>comte</span> <span class='ocrx_word' id='word_1_238' title='bbox 1104 2343 1149 2379; x_wconf 91' lang='lat' dir='ltr'>de</span> <span class='ocrx_word' id='word_1_239' title='bbox 1177 2343 1348 2380; x_wconf 83' lang='lat' dir='ltr'>Potenza</span> <span class='ocrx_word' id='word_1_240' title='bbox 1368 2343 1470 2379; x_wconf 81' lang='lat' dir='ltr'>avait</span> <span class='ocrx_word' id='word_1_241' title='bbox 1490 2343 1557 2379; x_wconf 86' lang='lat' dir='ltr'>fait</span> <span class='ocrx_word' id='word_1_242' title='bbox 1577 2343 1600 2379; x_wconf 73' lang='lat' dir='ltr'>a</span> 
     </span>
     <span class='ocr_line' id='line_1_30' title="bbox 187 2398 1599 2451; baseline 0.002 -16"><span class='ocrx_word' id='word_1_243' title='bbox 187 2398 359 2447; x_wconf 81' lang='lat' dir='ltr'>Angers,</span> <span class='ocrx_word' id='word_1_244' title='bbox 383 2401 494 2447; x_wconf 82' lang='lat' dir='ltr'>apres</span> <span class='ocrx_word' id='word_1_245' title='bbox 515 2400 570 2437; x_wconf 87' lang='lat' dir='ltr'>les</span> <span class='ocrx_word' id='word_1_246' title='bbox 594 2415 610 2435; x_wconf 74' lang='lat' dir='ltr'>a</span> <span class='ocrx_word' id='word_1_247' title='bbox 633 2412 801 2449; x_wconf 86' lang='lat' dir='ltr'>exeques</span> <span class='ocrx_word' id='word_1_248' title='bbox 825 2416 840 2435; x_wconf 86' lang='lat'>»</span> <span class='ocrx_word' id='word_1_249' title='bbox 865 2402 915 2438; x_wconf 93' lang='lat' dir='ltr'>du</span> <span class='ocrx_word' id='word_1_250' title='bbox 936 2402 1010 2439; x_wconf 90' lang='lat' dir='ltr'>duc</span> <span class='ocrx_word' id='word_1_251' title='bbox 1030 2402 1213 2451; x_wconf 86' lang='lat' dir='ltr'>d’Anjou,</span> <span class='ocrx_word' id='word_1_252' title='bbox 1235 2414 1289 2439; x_wconf 90' lang='lat' dir='ltr'>un</span> <span class='ocrx_word' id='word_1_253' title='bbox 1307 2402 1481 2439; x_wconf 87' lang='lat' dir='ltr'>discours</span> <span class='ocrx_word' id='word_1_254' title='bbox 1503 2404 1552 2438; x_wconf 80' lang='lat' dir='ltr'>ou</span> <span class='ocrx_word' id='word_1_255' title='bbox 1572 2402 1599 2438; x_wconf 93' lang='lat' dir='ltr'>il</span> 
     </span>
     <span class='ocr_line' id='line_1_31' title="bbox 189 2458 1599 2508; baseline 0.002 -14"><span class='ocrx_word' id='word_1_256' title='bbox 189 2458 475 2495; x_wconf 82' lang='lat' dir='ltr'>reconnaissait</span> <span class='ocrx_word' id='word_1_257' title='bbox 495 2459 529 2495; x_wconf 87' lang='lat' dir='ltr'>le</span> <span class='ocrx_word' id='word_1_258' title='bbox 552 2470 781 2497; x_wconf 88' lang='lat' dir='ltr'>successeur</span> <span class='ocrx_word' id='word_1_259' title='bbox 800 2461 972 2508; x_wconf 77' lang='lat' dir='ltr'>legitime</span> <span class='ocrx_word' id='word_1_260' title='bbox 997 2461 1047 2497; x_wconf 92' lang='lat' dir='ltr'>du</span> <span class='ocrx_word' id='word_1_261' title='bbox 1074 2461 1134 2497; x_wconf 83' lang='lat' dir='ltr'>feu</span> <span class='ocrx_word' id='word_1_262' title='bbox 1159 2461 1233 2497; x_wconf 90' lang='lat' dir='ltr'>duc</span> <span class='ocrx_word' id='word_1_263' title='bbox 1257 2463 1424 2506; x_wconf 82' lang='lat' dir='ltr'>(Journal</span> <span class='ocrx_word' id='word_1_264' title='bbox 1445 2463 1488 2497; x_wconf 80' lang='lat' dir='ltr'>de</span> <span class='ocrx_word' id='word_1_265' title='bbox 1506 2463 1599 2498; x_wconf 82' lang='lat' dir='ltr'>Jean</span> 
     </span>
     <span class='ocr_line' id='line_1_32' title="bbox 188 2519 1598 2567; baseline 0.003 -14"><span class='ocrx_word' id='word_1_266' title='bbox 188 2519 230 2553; x_wconf 82' lang='lat' dir='ltr'>Le</span> <span class='ocrx_word' id='word_1_267' title='bbox 250 2519 369 2561; x_wconf 67' lang='lat' dir='ltr'>Ferre,</span> <span class='ocrx_word' id='word_1_268' title='bbox 393 2520 519 2564; x_wconf 57' lang='lat' dir='ltr'>(ivoque</span> <span class='ocrx_word' id='word_1_269' title='bbox 539 2520 580 2554; x_wconf 85' lang='lat' dir='ltr'>de</span> <span class='ocrx_word' id='word_1_270' title='bbox 601 2520 783 2561; x_wconf 80' lang='lat' dir='ltr'>Ghartres,</span> <span class='ocrx_word' id='word_1_271' title='bbox 808 2526 835 2556; x_wconf 87' lang='lat' dir='ltr'>t.</span> <span class='ocrx_word' id='word_1_272' title='bbox 857 2520 890 2565; x_wconf 90' lang='lat' dir='ltr'>I,</span> <span class='ocrx_word' id='word_1_273' title='bbox 912 2532 948 2567; x_wconf 84' lang='lat' dir='ltr'>p.</span> <span class='ocrx_word' id='word_1_274' title='bbox 973 2522 1016 2556; x_wconf 89' lang='grc'>77</span> <span class='ocrx_word' id='word_1_275' title='bbox 1037 2526 1075 2557; x_wconf 80' lang='lat' dir='ltr'>et</span> <span class='ocrx_word' id='word_1_276' title='bbox 1095 2521 1168 2564; x_wconf 80' lang='lat'><strong>78).</strong></span> <span class='ocrx_word' id='word_1_277' title='bbox 1192 2520 1351 2557; x_wconf 89' lang='lat' dir='ltr'>Comme</span> <span class='ocrx_word' id='word_1_278' title='bbox 1376 2521 1412 2557; x_wconf 90' lang='lat' dir='ltr'>le</span> <span class='ocrx_word' id='word_1_279' title='bbox 1439 2521 1494 2557; x_wconf 84' lang='lat' dir='ltr'>dit</span> <span class='ocrx_word' id='word_1_280' title='bbox 1520 2521 1598 2557; x_wconf 76' lang='lat' dir='ltr'>tres</span> 
     </span>
     <span class='ocr_line' id='line_1_33' title="bbox 186 2578 1597 2626; baseline 0.003 -14"><span class='ocrx_word' id='word_1_281' title='bbox 186 2582 435 2613; x_wconf 82' lang='lat' dir='ltr'>exactement</span> <span class='ocrx_word' id='word_1_282' title='bbox 456 2584 566 2614; x_wconf 86' lang='lat' dir='ltr'>notre</span> <span class='ocrx_word' id='word_1_283' title='bbox 587 2578 816 2626; x_wconf 87' lang='lat' dir='ltr'>chronique,</span> <span class='ocrx_word' id='word_1_284' title='bbox 837 2579 873 2616; x_wconf 92' lang='lat' dir='ltr'>le</span> <span class='ocrx_word' id='word_1_285' title='bbox 896 2580 939 2616; x_wconf 88' lang='grc'>10</span> <span class='ocrx_word' id='word_1_286' title='bbox 960 2579 1102 2616; x_wconf 80' lang='lat' dir='ltr'>sevrier</span> <span class='ocrx_word' id='word_1_287' title='bbox 1123 2580 1213 2617; x_wconf 85' lang='lat'><strong>1385</strong></span> <span class='ocrx_word' id='word_1_288' title='bbox 1237 2584 1286 2625; x_wconf 90' lang='lat' dir='ltr'>(n.</span> <span class='ocrx_word' id='word_1_289' title='bbox 1312 2583 1389 2624; x_wconf 83' lang='lat' dir='ltr'>st.),</span> <span class='ocrx_word' id='word_1_290' title='bbox 1413 2580 1447 2616; x_wconf 88' lang='lat' dir='ltr'>Ie</span> <span class='ocrx_word' id='word_1_291' title='bbox 1470 2587 1597 2617; x_wconf 81' lang='lat' dir='ltr'>comte</span> 
     </span>
     <span class='ocr_line' id='line_1_34' title="bbox 186 2635 1596 2683; baseline 0.003 -12"><span class='ocrx_word' id='word_1_292' title='bbox 186 2635 232 2671; x_wconf 88' lang='lat' dir='ltr'>de</span> <span class='ocrx_word' id='word_1_293' title='bbox 254 2635 425 2673; x_wconf 81' lang='lat' dir='ltr'>Potenza</span> <span class='ocrx_word' id='word_1_294' title='bbox 445 2636 486 2673; x_wconf 80' lang='lat' dir='ltr'>fit</span> <span class='ocrx_word' id='word_1_295' title='bbox 513 2637 534 2672; x_wconf 76' lang='grc' dir='ltr'>ὀ.</span> <span class='ocrx_word' id='word_1_296' title='bbox 561 2637 692 2674; x_wconf 80' lang='lat' dir='ltr'>l&#39;hotel</span> <span class='ocrx_word' id='word_1_297' title='bbox 721 2638 968 2683; x_wconf 79' lang='lat' dir='ltr'>Saint-Paul,</span> <span class='ocrx_word' id='word_1_298' title='bbox 990 2639 1132 2676; x_wconf 82' lang='lat' dir='ltr'>devant</span> <span class='ocrx_word' id='word_1_299' title='bbox 1159 2640 1193 2676; x_wconf 91' lang='lat' dir='ltr'>le</span> <span class='ocrx_word' id='word_1_300' title='bbox 1224 2640 1280 2676; x_wconf 89' lang='lat' dir='ltr'>roi</span> <span class='ocrx_word' id='word_1_301' title='bbox 1307 2645 1344 2675; x_wconf 84' lang='lat' dir='ltr'>et</span> <span class='ocrx_word' id='word_1_302' title='bbox 1366 2650 1418 2675; x_wconf 88' lang='lat' dir='ltr'>un</span> <span class='ocrx_word' id='word_1_303' title='bbox 1438 2638 1596 2675; x_wconf 81' lang='lat' dir='ltr'>brillant</span> 
     </span>
     <span class='ocr_line' id='line_1_35' title="bbox 188 2693 1595 2746; baseline 0.004 -17"><span class='ocrx_word' id='word_1_304' title='bbox 188 2693 389 2741; x_wconf 83' lang='lat' dir='ltr'>auditoire,</span> <span class='ocrx_word' id='word_1_305' title='bbox 412 2709 425 2728; x_wconf 75' lang='grc' dir='ltr'>ι</span> <span class='ocrx_word' id='word_1_306' title='bbox 451 2707 526 2732; x_wconf 91' lang='lat' dir='ltr'>une</span> <span class='ocrx_word' id='word_1_307' title='bbox 547 2696 798 2744; x_wconf 88' lang='lat' dir='ltr'>solempnelle</span> <span class='ocrx_word' id='word_1_308' title='bbox 825 2698 1085 2746; x_wconf 86' lang='lat' dir='ltr'>proposicion,</span> <span class='ocrx_word' id='word_1_309' title='bbox 1109 2712 1124 2732; x_wconf 78' lang='lat' dir='ltr'>n</span> <span class='ocrx_word' id='word_1_310' title='bbox 1150 2698 1241 2735; x_wconf 80' lang='lat' dir='ltr'>dont</span> <span class='ocrx_word' id='word_1_311' title='bbox 1269 2698 1368 2734; x_wconf 84' lang='lat' dir='ltr'>Jean</span> <span class='ocrx_word' id='word_1_312' title='bbox 1399 2699 1454 2735; x_wconf 89' lang='lat' dir='ltr'>Le</span> <span class='ocrx_word' id='word_1_313' title='bbox 1473 2697 1595 2736; x_wconf 81' lang='lat' dir='ltr'>Fevre</span> 
     </span>
     <span class='ocr_line' id='line_1_36' title="bbox 189 2752 867 2804; baseline 0.007 -15"><span class='ocrx_word' id='word_1_314' title='bbox 189 2752 316 2791; x_wconf 89' lang='lat' dir='ltr'>donne</span> <span class='ocrx_word' id='word_1_315' title='bbox 337 2754 570 2803; x_wconf 83' lang='lat' dir='ltr'>l’argument</span> <span class='ocrx_word' id='word_1_316' title='bbox 592 2757 710 2799; x_wconf 60' lang='lat' dir='ltr'>(loia,</span> <span class='ocrx_word' id='word_1_317' title='bbox 734 2768 770 2804; x_wconf 91' lang='lat' dir='ltr'>p.</span> <span class='ocrx_word' id='word_1_318' title='bbox 794 2757 867 2797; x_wconf 86' lang='lat'><strong>87).</strong></span> 
     </span>
    </p>
   </div>
  </div>
 </body>
</html>
