1941 3294
179 267 283 315 1403]
449 269 818 303 CHRONOGRAPHIA
843 269 996 302 REGUM
1020 267 1300 301 FRANCORUM.
1514 267 1581 304 223

177 348 360 396 abirent
394 354 440 396 et
476 348 699 395 intrarent
737 363 843 394 cum
878 345 1103 394 uxoribus
1134 350 1181 392 et
1212 346 1369 393 liberis
1404 347 1499 394 suis
1534 348 1580 394 in

177 424 402 488 majorem
421 439 584 471 eorum
611 423 898 486 sinagogam,
922 422 979 470 ad
1006 422 1146 468 finem
1168 422 1293 485 quod
1319 427 1474 470 essent
1494 423 1581 469 sal-

175 501 298 558 vati3
333 507 380 549 et
403 500 467 548 illi
500 516 606 548 cum
634 500 804 564 gaudio
836 515 1007 563 magno
1038 499 1127 545 hoc
1159 498 1385 546 fecerunt.
1421 499 1581 547 Plures

175 577 316 625 etiam
350 578 424 625 alii
458 576 672 624 abierunt
709 582 756 623 et
793 580 1049 639 posuerunt
1089 591 1138 622 se
1175 575 1222 622 in
1260 592 1424 623 eorum
1460 576 1581 623 sina—

174 670 362 718 gogam,
390 659 437 700 ut
464 669 661 700 unacum
690 652 756 699 eis
783 653 1074 700 salvarentur
1099 669 1124 698 a
1149 657 1321 698 morte.
1354 651 1443 699 Sed
1465 668 1577 699 mox

173 734 226 776 ut
251 729 406 776 villam
425 728 630 785 intravit,
654 727 861 792 ejusdem
888 727 1147 776 Judeorum
1172 726 1393 791 sinagoge
1421 727 1580 773 valvas

173 805 352 853 firmari
372 805 512 870 jussit
537 811 583 852 et
607 821 688 852 eos
708 805 813 869 igne
837 803 1066 852 comburi.
1090 803 1213 851 Alias
1233 820 1434 867 namque
1460 804 1580 851 mul-

173 888 243 929 tas
280 882 427 929 bonas
464 882 759 945 operationes
791 881 896 929 fecit
924 882 998 929 ille
1035 881 1354 938 Temurlanus‚
1391 898 1483 944 que
1521 881 1579 928 ad

171 958 459 1006 recitandum
481 959 621 1006 nimis
647 965 770 1006 esset
795 958 994 1022 prolixe.
1022 960 1080 1004 Et
1099 957 1210 1005 dicit
1235 957 1282 1004 in
1310 957 1404 1005 suis
1432 957 1581 1005 salva-

170 1035 374 1083 tionibus
400 1036 525 1100 quod
553 1041 739 1083 sanctus
770 1036 1001 1099 propheta
1033 1034 1120 1082 sibi
1152 1035 1380 1098 precepit.
1410 1039 1467 1083 Et
1494 1035 1580 1082 hec

171 1112 229 1160 dc
255 1116 425 1160 Temur
450 1116 545 1177 Bey
572 1113 693 1160 dicta
721 1113 967 1160 sufficiant.

234 1191 481 1251 Hucusque
506 1188 687 1236 libellus
712 1188 881 1252 prefati
910 1187 1247 1252 archiepiscopi
1280 1187 1580 1236 Soltaniensis

170 1265 228 1313 de
249 1266 546 1322 Temurlano,
575 1271 665 1313 etc.

233 1474 366 1520 Anno
387 1488 479 1535 quo
494 1488 653 1535 supra,
674 1471 890 1519 videlicet
903 1477 956 1519 ΜΟ
972 1478 1106 1521 00000
1124 1471 1416 1536 iij⁰Karolus‚
1437 1475 1580 1519 Fran-

168 1565 331 1597 corum
367 1565 452 1596 rex
488 1548 547 1596 ad
581 1548 960 1611 prosecutionem
994 1548 1185 1597 Unionis
1220 1554 1381 1596 nostre
1414 1550 1578 1596 Sancte

166 1625 324 1673 Matris
348 1625 549 1672 Ecclesie
574 1641 660 1689 per
682 1625 836 1688 ipsum
862 1626 1095 1688 inceptam
1122 1642 1421 1690 summopere
1441 1625 1579 1673 affec-

166 1707 307 1758 tatus,
343 1703 616 1749 convocavit
644 1702 702 1749 ad
738 1719 787 1749 se
820 1702 1020 1750 Parisius
1051 1702 1283 1749 dominica
1317 1703 1363 1748 in
1399 1702 1576 1750 octavis

166 1782 307 1826 Pasce
339 1795 430 1841 qua
464 1784 675 1826 cantatur
706 1778 751 1825 in
784 1778 984 1826 Ecclesia
1018 1781 1182 1826 Sancta
1214 1779 1295 1825 Dei
1332 1796 1341 1825 :
1380 1798 1400 1823 ε(
1438 1779 1575 1836 Quasi

170 1875 191 1900 <t
223 1855 364 1903 modo
395 1855 539 1920 geniti
559 1861 632 1903 1...
668 1875 689 1900 n
724 1855 929 1919 prefatas
960 1871 1187 1919 personas
1218 1855 1570 1912 ecclesiasticas,

165 1933 400 1989 doctores,
437 1932 670 1995 sapientes
710 1936 757 1979 et
790 1932 968 1996 probos
1000 1933 1068 1980 sui
1107 1932 1238 1997 regni
1278 1948 1366 1995 pro
1408 1931 1574 1996 majori

166 2016 298 2073 parte
329 2010 388 2057 ad
420 2010 727 2057 advisandum
759 2026 866 2069 cum
897 2010 977 2066 eis,
1017 2009 1214 2073 qualiter
1242 2010 1343 2072 ipse
1382 2009 1575 2056 ulterius

165 2087 443 2150 procederet
459 2086 517 2134 ad
532 2087 902 2150 perveniendum
918 2087 1054 2134 citius
1073 2092 1119 2134 et
1136 2086 1493 2134 conveniencius
1513 2086 1572 2134 ad

165 2163 337 2211 dictam
362 2164 608 2212 Unionem.

230 2241 405 2298 Quibus
440 2241 654 2288 videlicet
687 2240 1066 2304 archiepiscopis,
1105 2240 1355 2304 episcopis,
1394 2240 1574 2288 abbati-

165 2317 269 2374 bus,
293 2317 496 2381 collegiis
521 2333 575 2364 ac
597 2317 976 2365 universitatibus
1002 2324 1081 2365 aut
1106 2333 1269 2364 eorum
1298 2323 1573 2379 procurato-

163 2393 294 2441 ribus
325 2394 383 2441 ad
419 2394 565 2457 ipsius
599 2393 723 2458 regis
758 2394 1029 2442 mandatum
1063 2394 1145 2451 sic,
1183 2399 1233 2440 ut
1268 2393 1444 2440 dictum
1480 2399 1568 2451 est,

163 2469 362 2517 Parisius
382 2469 764 2517 convenientibus
783 2469 901 2517 etad
921 2471 1010 2517 hoc
1029 2469 1320 2527 vacantibus,
1339 2468 1464 2516 idem
1484 2486 1568 2516 rex

211 2623 243 2658 1.
266 2622 311 2659 22
338 2622 434 2659 avril
461 2622 564 2659 1403.
587 2640 635 2649 —
664 2621 831 2658 Suivant
856 2621 1037 2668 d’autres‚
1065 2622 1102 2658 la
1131 2621 1386 2659 convocation
1418 2622 1507 2658 saite
1537 2622 1571 2659 le

161 2681 206 2718 28
227 2681 367 2719 sevrier
387 2682 479 2718 etait
500 2693 594 2728 pour
616 2681 648 2717 le
671 2682 714 2718 15
734 2681 812 2717 mai
834 2681 922 2718 4403
946 2681 1002 2727 (E.
1025 2682 1154 2729 Jarry,
1178 2685 1214 2717 la
1243 2683 1298 2717 Vz'e
1322 2683 1499 2727 pontique
1529 2683 1570 2717 de

164 2742 268 2777 Louis
288 2743 329 2777 de
350 2744 497 2783 Franco,
522 2743 592 2777 duc
612 2741 818 2784 d'Orle'anS,
840 2752 877 2788 p.
899 2740 995 2788 281).
