1941 3294
168 321 256 358 1399
272 320 427 367 et1398]
458 322 827 356 GHRONOGRAPHIA
853 322 1005 355 REGUM
1029 320 1308 352 FRANCORUM.
1501 316 1566 352 163

230 404 460 465 Tempore
503 416 617 446 vero
658 399 952 456 mortalitatis
996 397 1228 445 dictorum
1271 397 1569 460 Arragonen-

167 478 303 536 sium,
326 478 373 525 in
393 477 618 525 Avinione
639 482 685 523 et
704 476 852 539 patria
878 492 964 540 per
983 477 1138 540 girum
1158 473 1383 521 mirabilis
1401 489 1569 537 regna-

166 555 234 602 vit
268 554 538 618 impedimie
579 553 836 601 mortalitas
875 558 921 600 et
963 552 1048 600 alie
1092 551 1361 616 pestilencie
1403 568 1413 597 ε
1461 566 1570 597 nam

166 648 286 694 aque
309 631 504 678 fontales
529 635 576 677 et
606 629 814 693 puteales
848 628 1015 676 infecte
1046 633 1179 675 erant
1210 632 1256 674 et
1289 626 1567 690 periculose.

166 710 362 770 Insuper
393 723 480 770 per
510 712 608 753 tres
648 705 748 753 dies
786 720 846 754 ex
876 706 1048 752 harene
1083 703 1263 752 Rodani
1303 702 1572 750 ebullitione

166 784 340 832 multus
371 800 452 831 aer
481 782 791 830 condensatus
817 788 904 839 est,
941 782 1004 829 ita
1034 786 1088 829 ut
1116 780 1329 828 homines
1354 778 1434 826 vix
1464 795 1574 842 pos-

165 867 268 908 sent
292 861 420 908 exire
445 860 503 908 de
523 859 741 907 domibus
761 859 856 907 suis
880 863 1076 923 propter
1096 856 1304 914 aerem¹3
1330 856 1411 920 qui
1435 871 1574 904 causa

167 936 376 999 predicta
402 937 562 984 nocius
589 943 689 984 erat
715 936 879 983 oculis.

230 1016 298 1060 Ex
324 1013 410 1061 hac
428 1030 598 1078 guerra
618 1013 762 1061 multa
786 1016 1043 1060 evenerunt
1064 1009 1462 1066 inconveniencia,
1487 1009 1576 1057 sci-

166 1089 272 1137 licet
290 1089 554 1153 redemptio
575 1089 716 1137 castri
736 1089 794 1136 de
815 1089 1022 1152 Sorgua²
1038 1087 1165 1151 quod
1185 1086 1406 1134 tenebant
1426 1086 1577 1133 homi-

168 1181 250 1212 nes
283 1168 422 1229 Pape,
457 1172 503 1212 et
535 1165 621 1212 alia
657 1165 841 1212 diversa
878 1180 968 1227 que
1004 1163 1103 1210 sine
1134 1162 1278 1210 multa
1305 1162 1575 1226 prolixitate

168 1259 262 1289 non
285 1247 476 1305 possent
502 1242 726 1288 enarrari.
754 1241 882 1289 Circa
907 1256 1022 1287 vero
1043 1238 1325 1286 dominicam
1345 1237 1393 1284 in
1418 1237 1576 1285 Ramis

166 1319 476 1374 Palmarum3‚
504 1319 622 1365 facte
646 1323 754 1365 sunt
779 1316 980 1373 inducie,
1009 1315 1181 1378 quibus
1208 1314 1488 1362 durantibus
1514 1313 1577 1360 illi

168 1395 227 1442 de
269 1395 376 1442 villa
419 1411 526 1442 cum
569 1393 882 1441 cardinalibus
926 1392 1118 1440 sollicite
1164 1391 1480 1439 observabant
1520 1406 1578 1437 ne

167 1471 443 1519 Benedictus
469 1471 691 1518 evaderet
713 1470 772 1517 ab
799 1470 883 1517 eis.

231 1551 448 1596 Preterea
481 1564 602 1595 anno
638 1553 887 1610 prenotato
919 1545 972 1593 M⁰
987 1545 1093 1594 000ο
1124 1544 1428 1609 nonagesimo
1454 1543 1575 1601 vn10,

168 1625 370 1672 intrante
389 1624 630 1688 augusto&
655 1623 807 1687 pridie
829 1640 920 1686 qua
940 1621 1253 1686 prenominati
1276 1621 1507 1670 Arvordie
1534 1627 1580 1668 et

171 1701 444 1749 Mortuoldie
473 1701 615 1748 duces
649 1716 856 1764 pugnare
891 1699 1142 1756 debebant,
1177 1699 1317 1746 ambo
1350 1702 1581 1745 venerunt

171 1780 535 1827 Convetrenum.
563 1780 662 1824 Rex
689 1793 803 1824 vero
832 1776 993 1840 Anglie
1020 1776 1098 1823 illo
1130 1775 1204 1823 die
1230 1791 1381 1839 prope
1412 1775 1579 1822 urbem

169 1856 282 1902 hora
312 1854 495 1918 prandii
521 1853 649 1901 venit
679 1853 726 1900 in
754 1853 1007 1916 quamdam
1036 1852 1230 1900 domum
1264 1851 1579 1915 pertinentem

170 1930 411 1979 Guillelmo
434 1929 620 1993 Bagod5
648 1928 797 1985 militi,
822 1934 869 1976 et
890 1928 936 1975 in
964 1935 1094 1975 turre
1115 1928 1235 1975 illius
1262 1927 1432 1975 domus
1458 1928 1581 1974 loca-

170 2014 245 2055 tus
283 2014 371 2055 est.
416 2011 465 2054 In
504 2006 759 2054 crastinum
803 2021 914 2052 vero
953 2012 1058 2052 octo
1096 2005 1225 2052 horis
1264 2004 1578 2069 pulsantibus,

171 2085 465 2132 intraverunt
491 2084 538 2130 in
574 2083 698 2130 licias
732 2081 1163 2130 connestabularius
1201 2086 1249 2128 et
1284 2082 1583 2129 marescallus

173 2160 334 2224 Anglie
349 2176 455 2207 cum
469 2159 686 2206 omnibus
704 2157 1034 2215 ultramarinis,
1053 2157 1227 2205 scilicet
1239 2157 1410 2205 comite
1428 2157 1582 2205 Sancti

173 2236 298 2285 Pauli
312 2236 346 2289 6,
377 2236 568 2298 aliisque
589 2234 948 2299 quamplurimis
968 2234 1151 2283 Gallicis
1178 2239 1224 2281 et
1245 2250 1352 2282 cum
1376 2233 1582 2297 quodam

224 2367 256 2402 1.
280 2366 338 2402 Ne
360 2365 490 2401 faut-il
510 2375 578 2412 pas
599 2365 842 2401 reconnaitre
862 2365 900 2400 la
920 2376 972 2401 un
993 2375 1089 2412 coup
1110 2364 1155 2400 de
1175 2363 1351 2400 mistral?

220 2423 746 2472 2.Sorgues-sur-1'Ouveze‚
778 2423 989 2469 Vaucluse,
1019 2434 1094 2460 arr.
1130 2422 1366 2471 d’Avignon,
1401 2427 1503 2459 cant.
1535 2422 1582 2458 de

175 2482 422 2520 BedarrideS.

222 2541 255 2578 3.
278 2541 322 2578 23
344 2551 449 2577 mars
474 2539 563 2576 1399
585 2540 637 2585 (n.
661 2540 739 2585 st.).

222 2601 256 2636 4.
278 2600 334 2636 La
351 2599 439 2636 date
465 2599 515 2635 du
542 2598 695 2634 comhat
725 2598 912 2646 singulier
938 2604 1047 2635 entre
1077 2598 1111 2634 le
1139 2597 1213 2634 duc
1240 2595 1465 2633 d’Hereford
1488 2599 1527 2632 et
1547 2595 1581 2631 le

175 2659 249 2697 duc
269 2659 315 2695 de
335 2658 497 2695 Norfolk
517 2657 574 2693 fut
594 2657 692 2693 fixee
713 2668 762 2693 au
784 2657 825 2693 16
848 2657 1063 2705 septembre
1085 2657 1176 2694 1398
1198 2657 1220 2693 εὶ
1239 2657 1446 2702 Coventry.

225 2719 258 2754 5.
281 2717 340 2754 Ou
361 2717 483 2764 plutot
506 2717 644 2763 Bagot.

225 2777 259 2814 6.
283 2777 336 2813 Le
357 2782 483 2814 comte
504 2776 550 2812 de
580 2775 783 2812 Saint-Pol
803 2775 902 2813 n’est
929 2788 998 2823 pas
1028 2776 1253 2813 mentionne
1278 2775 1374 2811 dans
1402 2774 1439 2810 la
1469 2774 1584 2811 Chro-

179 2837 309 2881 niaque
327 2837 368 2871 de
388 2837 425 2871 la
447 2837 588 2871 traison
608 2839 639 2870 et
660 2838 754 2870 mort
775 2835 815 2870 de
834 2835 984 2871 Richart
1004 2836 1098 2870 deum
1119 2835 1168 2881 (p.
1192 2834 1247 2879 18)
1271 2834 1293 2869 a
1313 2839 1374 2871 cet
1394 2832 1556 2870 endroit.
