1941 3294
320 308 364 344 88
591 310 958 343 CHRONOGRAPHIA
984 309 1137 342 REGUM
1160 311 1437 344 FRANCORUM.
1608 310 1712 357 [1387

319 390 471 452 qratia
502 388 741 437 habituali.
771 388 868 436 Non
896 394 963 435 est
989 394 1137 435 tamen
1169 389 1324 452 aliqua
1354 389 1600 451 possibilis,
1629 407 1714 453 que

319 472 410 512 tam
429 466 756 520 convenienter3
782 463 1114 528 [eonqruenter]
1135 470 1178 511 et
1197 465 1472 527 sufficienter
1495 464 1714 514 hominem

312 547 465 603 posset
483 540 702 587 redimere
719 547 762 587 et
779 540 959 587 salvare
975 540 1093 585 sieut
1111 539 1337 587 Christus.
1361 567 1425 574 —
1440 541 1716 589 Revocanda

317 622 387 663 est
410 622 630 679 tanquam
656 617 784 672 falsa,
808 616 926 662 male
946 631 1115 662 sonans
1135 622 1181 663 et
1207 632 1402 664 erronea
1428 616 1485 663 ad
1512 617 1716 666 intellec-

316 698 416 739 tum
443 692 732 756 probationis
759 708 857 748 sue,
881 691 1098 739 videlicet
1124 691 1182 739 de
1203 693 1351 756 gratia
1370 692 1523 740 anime
1548 693 1716 742 Christi

317 786 407 832 que
433 769 491 816 ad
514 769 716 832 primam
738 768 836 832 ejus
862 773 1062 831 partem.

381 845 539 893 Tereia
564 844 823 908 propositio
854 861 864 890 :
894 844 1060 907 Aliqua
1082 861 1203 908 pura
1232 852 1443 893 ereatura
1469 846 1716 893 racionalis

308 929 457 984 potest
480 924 529 968 in
552 923 648 968 suis
672 922 801 983 paris
827 921 1115 968 naturalibus
1140 921 1224 969 Dei
1249 924 1495 969 essenciam
1515 923 1717 985 beatifice

314 999 500 1045 intueri.
531 1025 592 1034 —
617 997 896 1045 Revocanda
927 1002 998 1044 est
1026 1002 1250 1060 tanquam
1283 998 1412 1053 falsa,
1451 999 1561 1046 alias
1591 999 1718 1046 Pari-

315 1073 410 1121 sius
435 1073 775 1137 condempnata
802 1078 848 1120 et
873 1079 1096 1136 tanquam
1117 1090 1311 1121 erronea
1335 1075 1379 1121 in
1401 1074 1494 1121 fide
1514 1075 1717 1122 maxime

313 1150 371 1197 ad
415 1150 698 1198 intellectum
738 1149 1028 1214 probationis
1069 1166 1168 1207 sue,
1215 1150 1429 1198 videlicet
1468 1151 1527 1198 de
1571 1151 1718 1215 gratia

313 1226 466 1274 anime
492 1227 678 1274 Christi.

378 1306 546 1360 Quarta
573 1304 833 1366 propositio
865 1321 874 1350 :
904 1304 1069 1367 Aliqua
1092 1319 1213 1366 pura
1239 1310 1452 1351 ereatura
1479 1310 1547 1351 est
1570 1306 1719 1367 possi-

314 1379 419 1426 bilis
445 1380 689 1442 perfectior
720 1380 894 1428 Christi
925 1382 1076 1427 anima
1102 1383 1151 1427 in
1176 1381 1402 1438 merendo,
1426 1388 1541 1443 puta
1567 1382 1720 1444 qratia

315 1459 462 1503 animo
491 1457 682 1504 Christi.
707 1485 770 1492 —
790 1456 1065 1505 Revocanda
1092 1463 1162 1504 est
1187 1463 1409 1521 tanquam
1435 1458 1564 1514 falsa,
1589 1474 1719 1505 erro-

314 1549 417 1590 nea,
448 1533 651 1580 absurda
677 1533 725 1580 in
750 1533 981 1598 theologia
1008 1539 1054 1581 et
1073 1533 1365 1597 philosophia
1390 1540 1438 1581 et
1461 1534 1719 1599 theologice

314 1608 526 1656 doctrine
551 1609 753 1657 irrisiva.

377 1685 545 1743 Quinta
570 1686 830 1750 suppositio
853 1702 994 1749 quam
1019 1687 1215 1734 assumit
1243 1686 1395 1734 dictus
1415 1687 1636 1751 magister
1660 1688 1720 1736 ad

312 1762 639 1825 probationem
669 1779 751 1810 sue
777 1763 980 1811 secunde
1006 1763 1342 1826 propositionis
1364 1780 1471 1811 cum
1496 1764 1590 1811 suis
1617 1781 1721 1812 cor-

312 1837 489 1884 relariis
521 1843 591 1885 est
620 1837 724 1894 ista,
756 1839 872 1901 quod
899 1840 1101 1886 esseneia
1128 1841 1275 1886 anime
1305 1839 1479 1887 Christi
1510 1841 1720 1888 transub-

311 1915 561 1961 staneietur
599 1922 642 1961 et
681 1917 834 1977 qratia
868 1917 1013 1978 ipsius
1049 1917 1196 1962 anime
1233 1916 1407 1964 Christi
1442 1917 1560 1963 viees
1590 1924 1721 1978 9erat

313 1992 511 2037 esseneie
551 1992 698 2038 anime
741 1992 915 2039 Christi
956 1992 1102 2055 quoad
1146 1994 1318 2048 omnia,
1359 1992 1534 2039 seilicet
1574 1994 1721 2055 quoad

312 2068 559 2129 informare
585 2084 745 2130 eorpus
772 2076 814 2115 et
840 2071 985 2131 ipsum
1012 2069 1216 2115 vitaliter
1239 2071 1478 2115 immutare
1503 2075 1547 2115 et
1572 2070 1720 2131 quoad

312 2142 519 2189 substare
553 2143 857 2190 accidentibus
889 2150 932 2190 et
963 2145 1109 2206 ipsius
1142 2145 1289 2190 anime
1323 2143 1514 2200 Christi,
1549 2144 1722 2192 seilicet

312 2219 563 2266 intellectui
590 2226 633 2266 et
659 2220 900 2274 voluntati,
938 2227 980 2267 et
1015 2236 1092 2267 eas
1129 2220 1187 2267 ad
1218 2236 1326 2267 suas
1356 2221 1529 2267 debitas
1563 2237 1722 2284 opera-

314 2297 456 2342 tiones
481 2296 739 2351 inelinare;
763 2298 869 2343 item
897 2297 1013 2359 quod
1046 2298 1154 2344 talis
1186 2299 1339 2360 qratia
1367 2299 1514 2345 anime
1548 2298 1722 2345 Christi

314 2389 552 2420 remanens
559 2380 663 2436 post
677 2374 1209 2422 transubstaneiationem
1222 2381 1339 2422 esset
1351 2381 1563 2422 creatura
1575 2376 1721 2422 raeio-

315 2449 438 2496 nalis
458 2455 502 2495 et
529 2449 690 2496 libera.

381 2525 548 2582 Quinta
579 2524 838 2587 propositio
873 2543 882 2571 :
927 2524 1111 2572 Videtur
1140 2525 1275 2573 miehi
1307 2526 1424 2591 quod
1455 2526 1564 2573 talis
1595 2541 1722 2574 erea-

318 2609 423 2648 tura
457 2604 498 2648 si
529 2608 792 2664 poneretur,
833 2609 949 2648 esset
990 2603 1259 2666 simpliciter
1291 2610 1423 2650 extra
1457 2619 1617 2665 glenus.
1656 2630 1720 2638 —

318 2677 593 2725 Revocanda
620 2683 690 2725 est
715 2683 767 2725 ut
791 2678 1057 2726 immediate
1084 2679 1358 2740 precedens.

385 2757 522 2802 Sexta
542 2754 801 2818 propositio
824 2772 832 2801 :
855 2755 1028 2802 Ponere
1053 2756 1236 2819 aliquod
1255 2763 1454 2804 creatum
1473 2756 1544 2803 vel
1565 2756 1721 2819 aliqua
