1941 3294
206 268 422 317 1380-1381]
471 273 842 306 GHRONOGRAPHIA
867 273 1021 306 REGUM
1045 272 1325 305 FRANGORUM.
1588 271 1608 307 3

201 352 493 416 generalibus
518 356 565 399 et
588 351 746 399 electis
770 351 829 398 ad
862 352 947 400 hec
977 351 1256 408 commissis,
1294 356 1346 399 ut
1371 358 1608 399 cessarent

199 427 259 475 ab
283 427 548 493 hujusmodi
574 427 862 491 receptione.

263 507 363 562 Quo
388 505 526 560 facto,
556 504 712 551 statim
739 504 871 551 multi
898 504 1075 552 nobiles
1095 509 1139 551 et
1162 503 1390 568 ignobiles
1411 504 1469 551 de
1495 505 1607 552 civi-

198 585 292 628 tate
315 581 514 628 Parisius
539 580 777 627 irruerunt
802 581 846 627 in
872 580 1044 629 Judeos
1069 586 1116 628 et
1139 597 1199 628 ex
1221 581 1286 627 eis
1311 581 1483 629 multos
1503 598 1609 629 ver-

197 656 479 705 beraverunt
522 662 569 704 et
612 657 840 720 plurimos
891 657 1180 714 occiderunt,
1228 674 1402 720 pueros
1442 674 1608 705 eorum

195 733 400 781 tulerunt
433 733 491 780 ab
523 733 607 787 eis,
645 733 767 780 bona
802 750 969 781 eorum
1000 733 1226 797 rapiendo
1256 739 1397 796 atque
1429 733 1608 798 obliga-

194 808 345 857 tiones
376 826 540 857 eorum
566 809 908 857 dilacerando&
938 813 1085 858 Porro
1112 809 1247 859 ‚Judei
1270 810 1467 857 multum
1495 827 1608 874 sup-

190 884 363 947 portati
399 891 506 933 sunt
530 901 616 948 per
642 885 936 949 prepositum
976 886 1196 942 ParisiuS,
1227 890 1472 950 Hugonem
1511 889 1607 934 Au-

191 959 349 1018 brioti,
373 961 452 1024 qui
473 961 594 1008 bona
613 977 778 1009 eorum
797 961 911 1024 ipsis
931 961 1131 1009 reddere
1152 961 1350 1026 cogebat
1369 968 1414 1009 et
1432 979 1606 1025 pueros

193 1035 376 1082 noviter
417 1036 693 1100 baptisatos,
740 1037 842 1084 illos
883 1037 1119 1100 puniendo
1161 1037 1239 1100 qui
1281 1037 1401 1084 bona
1441 1055 1605 1086 eorum

191 1119 461 1174 rapuerant.
501 1113 645 1176 Hujus
681 1129 836 1170 causa,
873 1113 1024 1161 dictus
1058 1114 1326 1176 prepositus
1354 1120 1406 1162 ut
1443 1122 1605 1163 contra

191 1187 334 1234 fidem
371 1205 614 1246 erronens,
663 1190 722 1237 ab
762 1189 1071 1237 Universitate
1108 1189 1351 1237 Parisiensi
1389 1198 1605 1239 acusatus

189 1271 256 1312 est
285 1270 333 1312 et
357 1265 404 1312 in
429 1265 695 1313 carceribus
721 1265 928 1329 episcopi
955 1265 1226 1312 Parisiensis
1251 1267 1477 1328 positus².

255 1344 470 1388 Preterea
500 1341 811 1389 nonobstante
837 1341 1119 1404 quietatione
1149 1342 1334 1405 publica
1367 1343 1603 1392 dictorum

185 1417 482 1474 auxiliorum,
527 1423 682 1465 tamen
720 1434 804 1464 rex
842 1423 889 1464 et
923 1418 1139 1465 avunculi
1180 1418 1279 1482 ejus
1309 1419 1597 1484 Andegavie,

186 1493 359 1541 Biturie
386 1499 432 1541 et
456 1493 722 1558 Burgundie
749 1510 836 1557 pro
869 1494 1227 1542 manutenendis
1261 1496 1445 1559 guerris
1484 1497 1596 1553 suis,

185 1570 355 1617 iterum
379 1570 582 1633 quedam
606 1570 775 1617 auxilia
795 1570 970 1634 populo
996 1570 1327 1633 requisierunt.
1352 1576 1478 1620 Tunc
1503 1579 1600 1621 tres

186 1650 334 1693 status
364 1645 500 1710 hujus
537 1662 674 1694 causa
708 1646 980 1710 congregati
1005 1647 1281 1695 multociens
1317 1648 1443 1711 apud
1471 1649 1600 1696 Pari-

188 1791 413 1837 Ghronz‘ques
428 1792 464 1839 (t.
483 1791 554 1839 VI,
569 1802 606 1838 p.
624 1791 705 1838 472)
721 1791 840 1827 fixent
853 1802 902 1827 au
923 1791 1110 1828 mercredi
1127 1792 1167 1828 14
1185 1792 1393 1829 novembre
1415 1805 1492 1830 une
1513 1794 1595 1830 reu-

184 1850 277 1886 nion
310 1850 375 1886 des
407 1864 421 1884 a
445 1861 537 1897 gens
566 1850 746 1897 d'eglyse,
768 1849 901 1886 nobles
927 1855 964 1886 et
985 1850 1050 1886 des
1070 1850 1218 1886 bonnes
1239 1850 1348 1887 villes
1371 1865 1404 1898 »,
1431 1851 1452 1887 a
1473 1851 1539 1899 qui
1561 1852 1595 1889 le

183 1908 400 1945 chancelier
425 1908 613 1944 demanda
642 1908 707 1944 des
732 1919 965 1954 ressources,
998 1908 1032 1944 le
1058 1908 1293 1956 lendemain,
1315 1920 1466 1946 comme
1486 1911 1520 1947 le
1539 1911 1597 1947 dit

183 1974 291 2004 notre
319 1967 545 2015 chronique,
572 1978 622 2004 on
648 1967 783 2015 forcait
812 1967 849 2003 la
874 1967 982 2003 main
1008 1978 1057 2003 au
1086 1974 1404 2016 gouvernement,
1431 1970 1498 2017 qui
1525 1970 1595 2006 dut

183 2038 366 2064 renoncer
384 2027 406 2062 a
421 2038 489 2063 son
509 2027 643 2074 projet.
661 2027 758 2063 Voir
773 2026 827 2063 les
848 2026 1006 2063 curieux
1026 2026 1163 2063 details
1182 2027 1228 2063 de
1249 2027 1284 2063 la
1307 2028 1515 2074 Chronique
1535 2030 1594 2064 cles

182 2090 312 2131 quatre
335 2089 515 2132 premiers
545 2088 663 2122 Valois
690 2087 740 2133 (p.
766 2086 863 2132 291),
884 2087 951 2133 qui
979 2085 1107 2133 ajoute
1130 2088 1181 2134 (p.
1207 2087 1287 2132 293)
1310 2098 1382 2134 que
1403 2087 1437 2124 le
1457 2088 1503 2124 20
1523 2099 1594 2124 no-

181 2145 335 2181 vembre
355 2146 663 2182 commencerent
686 2159 701 2179 «
725 2145 916 2192 plusieurs
944 2144 1160 2192 parlemens
1185 2159 1199 2180 n
1223 2146 1289 2183 des
1311 2147 1592 2194 representants

183 2203 247 2239 des
274 2203 368 2240 trois
389 2194 497 2240 Etats
518 2203 563 2240 de
584 2208 708 2240 toutes
730 2203 784 2240 les
804 2203 1005 2250 provinces
1025 2204 1077 2240 du
1098 2215 1295 2252 royaume.

231 2262 264 2297 1.
288 2261 343 2298 Cf.
367 2263 574 2308 Chrom'que
603 2265 653 2298 du
682 2264 869 2308 Reliqieuoe
897 2264 938 2298 de
966 2263 1221 2309 Saint-Denys,
1247 2269 1273 2300 t.
1296 2264 1329 2310 Ι,
1351 2276 1387 2311 p.
1411 2265 1470 2312 54,
1492 2266 1536 2302 56
1557 2270 1597 2302 et

184 2320 269 2364 102;
301 2322 463 2358 Grandes
493 2323 727 2367 Glm'onz'ques,
753 2327 781 2358 t.
804 2322 873 2368 VI,
904 2333 939 2369 p.
969 2322 1052 2369 472,
1075 2329 1112 2358 et
1141 2324 1348 2369 Glzrom'que
1376 2326 1434 2360 des
1463 2329 1594 2370 quatre

177 2382 357 2425 premiers
379 2381 506 2423 Vatoz‘s,
529 2392 565 2427 p.
588 2381 669 2417 294.
692 2382 744 2417 Le
764 2381 808 2417 26
830 2392 931 2417 mars
953 2381 1042 2419 1381
1067 2383 1120 2426 (n.
1143 2385 1221 2428 st.),
1242 2394 1319 2419 une
1348 2383 1592 2421 ordonnance

180 2438 240 2474 fut
261 2439 415 2485 rendue,
437 2439 583 2486 d'apres
602 2439 765 2486 laquelle
788 2439 840 2475 les
859 2440 961 2476 Juiss
982 2451 1029 2476 ne
1050 2446 1179 2477 seront
1198 2452 1266 2488 pas
1288 2447 1399 2478 tenus
1420 2441 1466 2478 de
1486 2443 1592 2479 resti-

180 2503 266 2534 tuer
286 2498 338 2534 les
359 2509 471 2546 gages
485 2498 552 2545 qui
567 2498 648 2534 leur
661 2499 813 2535 avaient
826 2499 885 2536 ete
899 2499 1045 2536 donnes
1062 2512 1130 2547 par
1143 2511 1237 2538 ceux
1252 2501 1274 2537 a
1287 2501 1354 2548 qui
1370 2501 1417 2537 ils
1431 2502 1589 2540 avaient

180 2556 285 2603 prete
305 2556 350 2593 de
372 2557 529 2605 l'argent
549 2562 586 2594 et
606 2557 671 2606 qui
693 2558 775 2594 leur
793 2563 860 2595 ont
880 2558 939 2595 ete
960 2559 1113 2596 enleves
1134 2559 1229 2596 dans
1250 2560 1426 2597 l’emeute
1444 2562 1592 2599 excitee

182 2620 312 2652 contre
332 2627 404 2652 eux
418 2617 441 2653 a
454 2616 563 2653 Paris
583 2622 622 2653 et
640 2617 736 2654 dans
756 2617 948 2665 plusieurs
967 2623 1095 2655 autres
1116 2619 1241 2665 villes,
1256 2618 1278 2655 ὲ
1293 2619 1420 2656 moins
1441 2631 1514 2667 que
1528 2631 1590 2657 ces

184 2686 296 2723 gages
307 2687 354 2713 ne
368 2676 449 2712 leur
460 2676 564 2713 aient
577 2675 635 2713 ete
649 2676 790 2713 rendus
804 2678 956 2718 (Recueiz
968 2678 1027 2713 des
1042 2678 1312 2720 Ordonnances‚
1327 2678 1429 2725 t.VI,
1441 2690 1476 2726 p.
1492 2678 1587 2727 563).

231 2734 266 2771 2.
290 2735 450 2772 Grandes
476 2736 712 2780 Chroniques,
737 2740 763 2771 t.
787 2735 857 2783 VI,
880 2747 914 2782 p.
939 2737 1019 2772 474.
