1941 3294
342 339 409 375 172
619 339 986 372 CHRONOGRAPHIA
1011 338 1163 369 REGUM
1186 338 1463 369 FRANCORUM.
1630 334 1732 379 [1399

341 438 361 463 <t
393 418 575 465 dimitto
603 416 662 463 ad
687 431 873 463 omnem
897 414 1014 478 juris
1046 413 1261 460 effectum
1287 413 1363 475 qui
1400 429 1457 458 ex
1493 413 1733 475 premissis

341 516 361 541 c<
394 495 523 558 sequi
568 493 740 557 poterit
787 509 869 540 seu
913 491 1066 553 aliquo
1112 492 1471 554 premissorum,
1515 491 1733 553 omnique

342 592 362 618 ε(
393 572 520 635 regie
555 569 766 634 dignitati
802 585 854 616 ac
891 567 1120 631 majestati
1157 574 1203 614 et
1235 584 1431 622 corone,
1473 583 1652 614 necnon
1690 573 1736 614 et

340 668 360 693 <1
393 647 602 695 dominio
622 653 666 693 et
686 644 903 709 potestati
925 643 1158 693 dictorum
1178 660 1431 707 regnorum
1451 650 1497 690 et
1522 643 1731 700 dominii,

341 744 361 769 ε(
391 724 600 786 alliisque
625 721 841 770 dominiis
867 726 913 767 et
944 720 1317 783 possessionibus
1346 719 1462 766 meis
1489 736 1569 766 seu
1598 719 1737 767 michi

342 820 362 845 «
394 799 745 863 quomodolibet
786 795 1158 859 competentibus
1190 796 1584 859 quibuscumque,
1621 812 1737 858 quo-

340 896 359 921 «
392 892 590 937 cumque
617 874 801 921 nomine
825 878 1118 928 censeantur,
1148 871 1267 919 infra
1292 888 1434 935 regna
1461 877 1506 918 et
1531 870 1736 917 dominia

339 973 358 996 (ι
390 951 597 1014 predicta
622 957 669 997 et
693 949 800 996 alibi
826 948 1018 995 ubilibet
1045 948 1306 995 constitutis
1332 948 1551 1010 omnique
1572 947 1665 1011 juri
1691 953 1738 993 et

338 1047 358 1072 c<
391 1027 531 1074 colori
552 1027 671 1089 juris
689 1042 741 1072 ac
762 1025 911 1080 titulo,
944 1023 1226 1087 possessioni
1247 1030 1292 1070 et
1313 1023 1516 1070 dominio
1538 1039 1628 1085 que
1652 1039 1738 1070 un-

339 1124 359 1149 «
390 1119 529 1165 quam
545 1102 701 1158 habui,
717 1101 882 1157 habeo,
899 1117 979 1147 seu
995 1099 1306 1163 quovismodo
1323 1100 1495 1146 habere
1510 1103 1676 1162 potero
1690 1099 1734 1145 in

339 1200 359 1225 <t
390 1180 566 1227 eisdem
588 1196 669 1226 seu
690 1194 853 1225 eorum
874 1177 1047 1239 aliquo,
1071 1177 1144 1223 vel
1165 1176 1224 1222 ad
1242 1192 1294 1222 ea
1315 1191 1420 1222 cum
1445 1176 1540 1222 suis
1554 1175 1738 1238 juribus

337 1276 356 1301 a
389 1263 434 1303 et
455 1254 752 1319 pertinenciis
770 1254 998 1301 universis
1024 1269 1105 1300 seu
1127 1251 1501 1316 dependentibus
1518 1252 1738 1315 qualiter-

339 1352 359 1377 «
391 1349 589 1395 cumque
621 1331 679 1378 ab
720 1330 893 1377 eisdem
927 1330 999 1376 vel
1041 1345 1205 1376 eorum
1246 1329 1423 1391 aliqu0‚
1470 1344 1651 1375 necnon
1691 1333 1738 1375 et

339 1430 358 1454 (ι
389 1409 618 1473 regimini,
649 1406 972 1472 gubernationi
1005 1412 1051 1452 et
1075 1404 1465 1452 administrationi
1493 1405 1538 1450 in
1561 1404 1737 1451 eisdem

339 1506 358 1530 α
390 1486 545 1549 regnis
571 1492 617 1531 et
638 1484 855 1532 dominiis
881 1483 1019 1530 michi
1045 1481 1418 1545 competentibus
1440 1497 1520 1528 seu
1547 1497 1737 1544 compe-

339 1582 359 1606 «
389 1562 544 1608 tituris
571 1560 839 1623 nominique
869 1566 914 1606 et
939 1559 1106 1606 honori
1132 1575 1184 1605 ac
1210 1557 1380 1621 regalie
1406 1564 1452 1604 et
1476 1557 1737 1605 celsitudini

339 1657 359 1682 «
391 1638 530 1701 regiis
557 1653 690 1699 pure,
722 1642 906 1699 sponte,
937 1634 1210 1698 simpliciter
1235 1641 1280 1680 et
1300 1633 1510 1680 absolute
1536 1633 1738 1680 meliori-

340 1734 359 1758 «
391 1714 478 1761 bus
499 1713 669 1769 modis,
696 1713 769 1759 via
789 1719 834 1759 et
854 1713 1002 1759 forma
1024 1711 1193 1774 quibus
1213 1716 1396 1773 potero,
1419 1710 1465 1756 in
1486 1710 1572 1756 hiis
1593 1710 1738 1773 scrip—

340 1809 359 1834 «
392 1790 451 1837 tis
474 1789 695 1836 renuncio
727 1795 772 1835 et
795 1805 848 1835 ea
873 1788 919 1835 in
952 1794 1103 1835 totum
1132 1786 1336 1851 resign0‚
1366 1803 1419 1833 ac
1446 1803 1496 1833 re
1522 1792 1569 1834 et
1591 1787 1737 1834 verbo

287 1928 290 1932 Ι
339 1887 359 1912 <t
391 1866 591 1923 dimitto,
615 1872 661 1913 et
681 1865 857 1913 eisdem
878 1865 1012 1922 cedo,
1030 1870 1076 1911 et
1092 1864 1150 1912 ab
1171 1864 1348 1911 eisdem
1372 1863 1542 1910 recedo
1562 1863 1608 1910 in
1628 1879 1737 1926 per-

338 1963 358 1989 «
390 1949 600 2007 petuum,
640 1942 778 1990 salvis
817 1941 1166 1989 successoribus
1201 1941 1316 1987 meis
1352 1940 1541 2004 regibus
1575 1940 1736 2004 Anglie

337 2041 356 2064 c<
388 2021 435 2066 in
465 2019 621 2083 regnis
650 2024 696 2065 et
727 2017 943 2064 dominiis
975 2024 1021 2064 et
1051 2017 1218 2064 ceteris
1247 2016 1463 2063 omnibus
1495 2015 1736 2078 premissis

337 2115 356 2140 ε(
383 2095 566 2159 juribus
594 2094 641 2140 in
673 2093 850 2140 eisdem
877 2110 959 2140 seu
987 2108 1150 2139 eorum
1181 2092 1336 2154 aliquo
1363 2091 1736 2155 competentibus

336 2192 356 2217 α
389 2178 434 2219 et
464 2170 787 2234 competituris
813 2169 1202 2232 quibuscumque,
1238 2185 1407 2231 meque
1439 2169 1497 2216 ad
1525 2169 1734 2232 regimen

337 2267 357 2293 c<
388 2254 434 2295 et
465 2247 854 2312 gubernationem
885 2246 1116 2293 dictorum
1143 2261 1398 2309 regnorum
1432 2252 1478 2292 et
1504 2245 1736 2293 dominio-

337 2344 357 2369 «
389 2340 495 2372 rum
529 2340 634 2371 cum
670 2323 765 2371 suis
798 2322 1097 2386 pertinenciis
1133 2322 1362 2369 universis
1397 2322 1564 2379 fateor,
1605 2339 1737 2370 reco-

338 2421 358 2446 <t
389 2417 582 2466 gnosco,
612 2406 779 2464 reputo
803 2405 850 2446 et
874 2416 931 2446 ex
957 2404 1083 2446 certa
1110 2398 1305 2446 sciencia
1330 2399 1558 2446 veraciter
1577 2399 1736 2462 judico

339 2498 360 2523 α
389 2477 529 2525 fuisse
560 2484 606 2524 et
635 2493 738 2525 esse
769 2476 1123 2523 insufficientem
1152 2475 1336 2539 penitus
1365 2480 1410 2522 et
1443 2475 1649 2522 inutilem
1683 2491 1736 2522 ac

339 2574 358 2599 c(
390 2560 585 2618 propter
611 2570 713 2600 mea
741 2552 966 2600 demerita
995 2552 1177 2598 notoria
1208 2568 1300 2598 non
1327 2552 1561 2598 immerito
1591 2551 1737 2615 depo-

339 2650 359 2674 «
391 2631 614 2678 nendum.
646 2633 701 2677 Et
722 2630 829 2690 juro
858 2628 916 2676 ad
948 2628 1032 2675 hec
1065 2634 1220 2675 sancta
1253 2628 1334 2675 Dei
1359 2627 1622 2691 Ewangelia
1651 2644 1736 2690 per

341 2727 361 2752 α
392 2724 466 2754 me
507 2706 813 2770 corporaliter
856 2711 1001 2762 tacta,
1047 2705 1171 2767 quod
1216 2721 1453 2768 nunquam
1495 2705 1736 2768 premissis

341 2802 360 2827 «
392 2781 738 2840 renuntiationi,
770 2781 1069 2846 resignationi
1102 2787 1147 2829 et
1173 2781 1460 2829 concessioni
1491 2785 1736 2828 contrave-
