1941 3294
316 303 359 340 32
584 306 953 339 CHRONOGRAPHIA
978 305 1131 337 REGUM
1156 305 1434 337 FRANCORUM.
1604 300 1709 347 [1382

312 385 474 448 plures
490 401 602 432 vero
629 384 686 432 de
712 385 846 432 bonis
860 383 979 430 villis
1004 383 1327 430 tantummodo
1353 382 1580 429 miserunt
1599 398 1710 444 pro-

313 467 570 508 curatores.
611 461 696 518 Qui
728 460 930 516 nobiles,
968 459 1118 507 clerus
1157 464 1202 506 et
1235 458 1446 506 homines
1481 457 1710 505 bonarum

312 537 526 584 villarum
546 537 625 600 qui
651 536 956 591 advenerunt,
978 541 1239 582 annuerunt
1263 534 1362 599 regi
1387 533 1709 597 impositiones

313 619 360 661 et
382 613 750 677 semigabellas1;
774 617 1103 675 procuratores
1122 627 1236 658 vero
1256 611 1494 658 civitatum
1515 612 1712 656 Remen-

313 689 392 747 sis‚
417 689 778 745 Catalaunensis‚
803 687 1138 744 Laudunensis,
1167 686 1510 735 Suessionensis
1529 691 1576 732 et
1601 689 1713 732 Tor-

312 765 539 821 nacensis,
577 764 683 828 quia
717 780 812 811 non
844 768 976 810 erant
1005 762 1092 810 nisi
1127 762 1450 819 referendarii,
1485 760 1624 809 nichil
1655 777 1715 808 ex

311 840 398 887 hiis
424 846 684 887 annuerunt
711 839 828 903 regi.

379 918 476 972 Quo
502 915 638 971 facto,
662 932 747 961 rex
771 914 894 960 misit
920 914 1094 961 litteras
1118 914 1295 962 clausas
1321 914 1537 971 Parisius,
1570 912 1716 960 conti-

314 997 475 1037 nentes
501 996 550 1037 ut
569 990 626 1037 ad
652 989 966 1037 resistendum
991 990 1192 1054 Anglicis
1213 989 1650 1053 supervenientibus
1669 993 1716 1036 et

312 1072 364 1113 ut
389 1065 601 1113 viderent
636 1066 770 1128 quale
796 1065 1018 1113 auxilium
1044 1072 1234 1129 possent
1259 1066 1301 1112 ei
1327 1066 1557 1123 conferre,
1588 1065 1716 1128 quod

312 1143 401 1205 ipsi
437 1148 560 1189 esset
582 1142 692 1189 utile
727 1148 773 1189 et
800 1142 954 1189 minus
984 1142 1220 1205 gravabile
1256 1158 1343 1205 pro
1382 1141 1580 1204 populo,
1620 1146 1716 1187 tam

311 1235 400 1282 pro
427 1224 548 1265 statu
575 1235 660 1265 suo
689 1235 829 1281 quam
855 1234 942 1281 pro
972 1217 1154 1281 guerris
1188 1217 1300 1273 suis,
1330 1215 1650 1279 quodquidem
1675 1216 1717 1263 ei

313 1295 446 1343 citius
479 1295 710 1351 facerent3
749 1300 795 1341 et
830 1300 880 1341 ut
913 1294 1020 1341 inde
1053 1294 1139 1341 sibi
1177 1293 1341 1340 darent
1373 1292 1715 1356 responsivam‚

313 1372 551 1420 mitterent
573 1371 751 1427 Meldis,
781 1371 1011 1418 dominica
1037 1376 1123 1418 xxa
1148 1369 1223 1417 die
1250 1370 1408 1433 aprilis
1428 1369 1535 1416 anni
1554 1367 1718 1416 Miccci

314 1447 586 1512 octogesimi
601 1447 809 1504 secundi,
826 1453 1026 1509 quatuor
1038 1446 1297 1510 burgenses
1312 1446 1392 1509 qui
1405 1446 1546 1493 talem
1559 1461 1719 1492 secum

314 1524 483 1571 inirent
510 1523 807 1571 concordiam
839 1523 1025 1586 qualem
1060 1523 1265 1570 facerent
1298 1522 1360 1569 illi
1395 1522 1452 1569 de
1479 1521 1721 1585 provincia

316 1600 613 1648 Senonensis.
652 1601 712 1646 At
748 1599 1031 1646 Parisienses
1068 1615 1176 1646 cum
1217 1597 1547 1661 quaternariis,
1586 1597 1721 1660 quin-

315 1676 607 1740 quagenariis
638 1683 683 1723 et
715 1675 977 1723 decimariis
1012 1676 1185 1738 pluries
1218 1675 1481 1722 habuerunt
1514 1674 1637 1720 inter
1671 1690 1720 1720 se

315 1752 558 1800 consilium
587 1758 692 1799 ante
719 1757 764 1798 et
788 1757 896 1814 post
925 1752 1156 1815 prefixam
1192 1751 1317 1798 diem
1347 1750 1646 1805 dominicam,
1675 1750 1721 1796 in

316 1846 407 1891 qua
433 1828 666 1875 neminem
693 1828 972 1875 remiserunt
999 1827 1058 1875 ad
1084 1844 1263 1891 regem.

380 1908 506 1952 Tunc
531 1921 616 1951 rex
643 1904 768 1951 misit
794 1904 852 1951 ad
878 1921 959 1951 eos
993 1904 1235 1951 dominum
1262 1903 1502 1952 Couchiaci
1535 1901 1632 1966 qui,
1662 1901 1720 1948 ab

316 1982 382 2029 eis
406 1980 563 2028 habito
595 1997 824 2043 responso
857 1980 984 2043 quod
1019 1981 1193 2027 nullum
1226 1980 1325 2044 regi
1359 1979 1582 2026 auxilium
1612 1995 1723 2025 con-

317 2057 494 2104 ferrent
511 2056 594 2104 sed
614 2056 938 2103 tantummodo
955 2056 997 2103 ei
1014 2056 1180 2103 darent
1199 2055 1446 2103 duodecim
1459 2055 1585 2102 milia
1598 2054 1723 2101 fran-

317 2148 482 2179 corum
503 2149 592 2195 pro
617 2138 738 2180 statu
765 2149 868 2189 suo,
893 2149 1072 2180 necnon
1092 2132 1139 2179 in
1158 2132 1340 2196 guerris
1365 2131 1460 2179 suis
1481 2131 1717 2195 juvarent,

317 2224 561 2273 regressus
586 2215 656 2256 est
681 2208 740 2256 ad
764 2225 925 2273 regem
950 2209 1031 2271 qui
1057 2209 1214 2255 statim
1238 2214 1344 2271 post
1370 2208 1457 2254 hoc
1483 2207 1596 2255 abiit
1614 2206 1723 2255 Mel-

320 2284 497 2332 dunum
524 2285 648 2349 (sic),
678 2285 835 2348 ibique
864 2301 1082 2349 magnam
1106 2284 1449 2332 multitudinem
1480 2283 1723 2332 hominum

319 2363 615 2419 convocavit,
651 2379 769 2426 quos
808 2363 916 2409 inde
951 2362 1076 2410 misit
1112 2361 1171 2409 ad
1207 2367 1372 2424 pontes
1406 2362 1557 2409 Sancti
1593 2361 1724 2409 Clau-

320 2438 379 2485 dii
425 2438 543 2503 (sz'c)
575 2445 620 2486 et
670 2439 971 2487 Charentonis
987 2477 997 2496 ‚
1042 2456 1099 2487 ne
1141 2438 1342 2485 Parisius
1377 2437 1592 2485 victualia
1635 2454 1721 2500 per

319 2532 488 2579 aquam
517 2516 844 2563 aducerentur.
877 2519 1072 2579 Insuper
1099 2515 1271 2562 multos
1298 2514 1477 2562 nobiles
1503 2520 1550 2561 et
1574 2513 1723 2561 homi-

321 2608 401 2638 nes
426 2608 665 2640 armorum
692 2591 929 2639 mandavit
949 2591 1005 2638 ad
1026 2590 1396 2655 oppugnandum
1418 2590 1717 2646 parisienses,

370 2702 403 2737 1.
428 2716 442 2735 «
460 2703 508 2738 Et
522 2714 671 2740 aucuns
691 2703 755 2740 des
776 2703 924 2740 honnes
941 2703 1050 2740 villes
1070 2702 1234 2740 d’icellui
1255 2703 1336 2750 pais
1357 2702 1607 2740 accorderent
1628 2702 1722 2738 l’im-

326 2774 342 2795 «
364 2762 536 2809 posicion
559 2776 573 2797 ι
599 2764 820 2810 (Chronique
840 2765 897 2799 des
917 2767 1047 2810 quatre
1062 2766 1241 2810 premiers
1268 2764 1398 2808 Valois,
1419 2773 1454 2810 p.
1479 2761 1573 2809 301).
