1941 3294
221 284 324 332 1402]
495 288 864 321 CHRONOGRAPHIA
888 288 1040 321 REGUM
1064 288 1341 320 FRANCORUM.
1546 286 1611 322 201

217 366 408 421 intrare,
438 364 755 427 hostiliterque
788 363 1029 429 peragrari
1063 364 1302 426 hucusque
1328 363 1614 427 permisisse,

217 447 269 489 ut
293 441 446 504 ipsum
471 440 645 488 facilius
670 433 928 488 includeret
960 447 1006 488 et
1037 440 1095 487 ad
1128 439 1311 487 libitum
1346 440 1416 487 sui
1442 440 1618 487 vindic—

216 523 312 565 tam
338 523 544 565 sumeret
572 516 630 563 de
661 516 855 573 eodem;
885 517 1175 580 habebatque
1200 516 1319 564 duos
1350 516 1618 580 elephantes

216 600 395 642 tantum
414 594 492 657 qui
518 593 634 640 sicut
655 593 726 639 alii
747 593 804 640 de
831 600 965 656 parte
986 593 1181 641 adversa
1202 598 1355 641 turres
1373 593 1613 657 gestabant

215 687 320 719 cum
344 669 675 734 jaculatoribus
702 671 1027 733 superpositis.

279 750 485 809 Cumque
511 746 569 793 ad
594 746 859 794 bellandum
889 746 1164 794 accederent
1195 746 1438 809 utriusque
1470 747 1615 810 partis

213 824 351 881 acies,
391 823 657 886 capitaneus
693 823 843 887 prime
880 824 991 871 aciei
1029 827 1285 871 Turcorum
1328 840 1411 888 pre
1447 824 1617 871 timore

213 900 518 948 multitudinis
546 916 685 963 quam
712 901 910 963 aspexit,
950 900 1108 964 fugam
1138 916 1250 948 mox
1281 900 1476 964 arripuit
1511 917 1618 948 cum

212 976 427 1024 omnibus
453 976 532 1039 qui
559 992 717 1024 secum
743 983 902 1033 erant,
931 982 975 1024 et
1008 977 1113 1024 licet
1139 983 1187 1024 ut
1218 983 1533 1025 reverteretur
1559 977 1617 1025 ad

211 1053 411 1117 prelium
448 1053 663 1100 Baizacus
701 1053 788 1100 sibi
826 1053 1104 1118 injungeret,
1147 1071 1240 1101 non
1273 1061 1427 1101 tamen
1461 1054 1617 1118 fugam

211 1145 318 1176 cum
349 1129 517 1177 ceteris
543 1128 734 1185 dimisit,
763 1129 862 1193 ejus
893 1129 1134 1177 renuendo
1166 1146 1332 1193 parere
1367 1130 1612 1177 mandatis.

211 1208 337 1253 Tunc
363 1221 476 1269 ergo
498 1205 630 1269 jussu
655 1205 828 1252 Baizaci
855 1204 1146 1268 subsequens
1173 1206 1294 1253 acies
1319 1222 1400 1252 sua
1423 1206 1617 1254 accessit

210 1281 267 1327 ad
294 1279 603 1343 preliandum,
629 1295 718 1342 que
739 1279 797 1326 ab
815 1279 1093 1327 adversariis
1115 1280 1297 1328 devicta
1323 1287 1394 1327 est
1418 1287 1463 1328 et
1489 1281 1535 1327 in
1562 1298 1615 1328 ea

210 1357 341 1420 quasi
366 1372 431 1406 XV
451 1356 575 1403 milia
608 1356 847 1403 hominum
873 1357 1107 1404 trucidati.
1138 1360 1237 1414 Quo
1276 1356 1396 1404 facto
1423 1357 1616 1405 accessit

209 1432 330 1479 acies
353 1431 418 1495 iija
445 1438 490 1478 et
515 1431 662 1478 eciam
688 1436 739 1478 ut
764 1430 895 1494 prior
918 1431 1100 1479 devicta
1128 1438 1214 1479 est.

272 1508 446 1556 Deinde
478 1513 643 1571 quarta
666 1514 713 1555 et
750 1507 910 1555 ultima
936 1509 1056 1556 acies
1081 1509 1212 1572 cujus
1244 1509 1368 1557 idem
1401 1509 1617 1558 Baizacus

209 1593 309 1633 erat
333 1590 489 1633 rector
507 1591 551 1632 et
578 1591 733 1648 caput,
757 1585 951 1632 accessit
967 1586 1025 1633 ad
1044 1585 1328 1633 bellandum.
1352 1589 1498 1633 Porro
1515 1587 1617 1634 Bai-

208 1679 343 1710 zacus
376 1662 543 1709 videns
574 1678 683 1708 suos
717 1661 960 1725 prevalere
994 1662 1221 1719 inimicos,
1259 1662 1417 1726 fugam
1452 1663 1610 1726 petiit;

207 1739 290 1787 sed
310 1740 471 1803 fugere
500 1755 592 1785 non
620 1738 780 1785 valens
807 1744 1003 1801 propter
1027 1739 1240 1786 inimicos
1271 1740 1611 1788 circumdantes

207 1831 331 1871 eum,
361 1822 524 1879 captus
551 1821 621 1863 est.
652 1815 815 1879 xxviij³
841 1814 914 1862 die
941 1815 1149 1879 ejusdem
1175 1817 1365 1864 mensis.
1395 1817 1471 1864 Illa
1498 1833 1613 1864 vero

206 1893 299 1946 die,
319 1892 575 1939 secundum
591 1891 949 1946 estimationem,
966 1893 1284 1940 occubuerunt
1298 1893 1394 1940 fere
1409 1908 1470 1941 XL
1490 1893 1613 1941 milia

204 1967 463 2014 hominum.
500 1968 625 2015 Multi
659 1967 817 2030 plures
842 1974 998 2015 tamen
1025 1985 1083 2016 ex
1115 1969 1275 2016 Turcis
1307 1969 1478 2017 mortui
1505 1975 1615 2017 sunt

205 2060 345 2108 quam
365 2061 423 2091 ex
450 2044 565 2091 aliis.
590 2047 689 2091 Duo
710 2061 898 2108 quoque
915 2045 994 2092 filii
1016 2045 1189 2094 Baisaci
1210 2046 1283 2093 illa
1305 2052 1439 2094 nocte
1459 2046 1614 2094 inher-

205 2137 306 2168 mes
332 2120 552 2184 fugerunt
577 2127 623 2167 et
648 2127 917 2169 evaserunt.

268 2198 387 2245 Misit
413 2204 567 2244 autem
595 2198 895 2246 Temurlanus
923 2199 1134 2246 homines
1154 2216 1393 2247 armorum
1418 2199 1478 2247 ad
1497 2203 1612 2248 Bur-

202 2290 318 2330 sam,
343 2274 546 2321 Baizacbi
568 2274 873 2337 principalem
894 2275 1094 2338 Turquie
1115 2276 1368 2331 civitatem,
1390 2294 1416 2323 a
1437 2292 1610 2340 preno-

203 2351 375 2398 minata
414 2350 520 2397 villa
556 2351 613 2398 de
647 2355 834 2416 Engure
867 2352 926 2400 ad
962 2368 1196 2409 occasum,
1238 2352 1409 2400 scilicet
1446 2369 1610 2401 versus

202 2428 445 2475 Brachium
466 2427 617 2475 Sancti
638 2428 823 2492 Georgii
843 2428 993 2476 tribus
1011 2429 1146 2477 dietis
1167 2429 1443 2486 distantem;
1467 2446 1607 2492 quam

202 2504 482 2561 obtinenteS‚
512 2503 749 2551 castellum
777 2504 892 2568 ejus,
929 2511 1125 2569 propter
1153 2505 1341 2552 nimiam
1374 2506 1445 2552 sui
1476 2506 1608 2553 forti-

200 2580 410 2628 tudinem
428 2596 480 2627 ac
499 2579 648 2627 bonos
664 2586 711 2627 et
731 2581 890 2629 fideles
907 2581 1192 2630 deffensores
1210 2582 1287 2645 qui
1308 2582 1431 2628 intus
1453 2587 1602 2636 erant,

200 2657 372 2704 habere
399 2657 730 2721 nequiverunt.

265 2733 470 2797 Denique
497 2733 799 2782 Temurlanus
824 2734 870 2781 in
892 2735 1084 2798 propria
1109 2734 1238 2782 venit
1258 2741 1364 2782 ante
1384 2735 1602 2783 eumdem
