<?xml version="1.0" encoding="UTF-8"?>
<!DOCTYPE html PUBLIC "-//W3C//DTD XHTML 1.0 Transitional//EN"
    "http://www.w3.org/TR/xhtml1/DTD/xhtml1-transitional.dtd">
<html xmlns="http://www.w3.org/1999/xhtml" xml:lang="en" lang="en">
 <head>
  <title>
</title>
<meta http-equiv="Content-Type" content="text/html;charset=utf-8" />
  <meta name='ocr-system' content='tesseract 3.04.00' />
  <meta name='ocr-capabilities' content='ocr_page ocr_carea ocr_par ocr_line ocrx_word'/>
</head>
<body>
  <div class='ocr_page' id='page_1' title='image "./chronographiareg03mora_0091.png"; bbox 0 0 1941 3294; ppageno 0'>
   <div class='ocr_carea' id='block_1_1' title="bbox 239 247 1635 295">
    <p class='ocr_par' dir='ltr' id='par_1_1' title="bbox 239 247 1635 295">
     <span class='ocr_line' id='line_1_1' title="bbox 239 247 1635 295; baseline -0.001 -10"><span class='ocrx_word' id='word_1_1' title='bbox 239 248 342 295; x_wconf 70' lang='lat'><strong>1382]</strong></span> <span class='ocrx_word' id='word_1_2' title='bbox 510 251 880 284; x_wconf 80' lang='lat' dir='ltr'><strong>CHRONOGRAPHIA</strong></span> <span class='ocrx_word' id='word_1_3' title='bbox 905 251 1057 284; x_wconf 85' lang='lat' dir='ltr'>REGUM</span> <span class='ocrx_word' id='word_1_4' title='bbox 1083 250 1362 283; x_wconf 80' lang='lat' dir='ltr'><strong>FRANGORUM.</strong></span> <span class='ocrx_word' id='word_1_5' title='bbox 1590 247 1635 284; x_wconf 71' lang='grc'>29</span> 
     </span>
    </p>
   </div>
   <div class='ocr_carea' id='block_1_2' title="bbox 223 328 1637 2689">
    <p class='ocr_par' dir='ltr' id='par_1_2' title="bbox 231 328 1637 986">
     <span class='ocr_line' id='line_1_2' title="bbox 236 328 1635 393; baseline -0.002 -15"><span class='ocrx_word' id='word_1_6' title='bbox 236 331 440 378; x_wconf 90' lang='lat' dir='ltr'>nemoris</span> <span class='ocrx_word' id='word_1_7' title='bbox 458 331 732 380; x_wconf 88' lang='lat' dir='ltr'>Vicenarum</span> <span class='ocrx_word' id='word_1_8' title='bbox 758 336 804 377; x_wconf 93' lang='lat' dir='ltr'>et</span> <span class='ocrx_word' id='word_1_9' title='bbox 829 330 955 393; x_wconf 90' lang='lat' dir='ltr'>quod</span> <span class='ocrx_word' id='word_1_10' title='bbox 987 329 1231 377; x_wconf 82' lang='lat' dir='ltr'>mandaret</span> <span class='ocrx_word' id='word_1_11' title='bbox 1255 329 1397 376; x_wconf 91' lang='lat' dir='ltr'>duces</span> <span class='ocrx_word' id='word_1_12' title='bbox 1421 328 1635 392; x_wconf 84' lang='lat' dir='ltr'>Andega-</span> 
     </span>
     <span class='ocr_line' id='line_1_3' title="bbox 235 405 1636 455; baseline -0.001 -2"><span class='ocrx_word' id='word_1_13' title='bbox 235 407 308 454; x_wconf 89' lang='lat' dir='ltr'>vie</span> <span class='ocrx_word' id='word_1_14' title='bbox 339 412 386 454; x_wconf 88' lang='lat' dir='ltr'>et</span> <span class='ocrx_word' id='word_1_15' title='bbox 419 406 651 455; x_wconf 89' lang='lat' dir='ltr'>Britannie</span> <span class='ocrx_word' id='word_1_16' title='bbox 683 411 733 453; x_wconf 92' lang='lat' dir='ltr'>ut</span> <span class='ocrx_word' id='word_1_17' title='bbox 759 422 866 453; x_wconf 89' lang='lat' dir='ltr'>cum</span> <span class='ocrx_word' id='word_1_18' title='bbox 895 405 1150 453; x_wconf 82' lang='lat' dir='ltr'>innumeris</span> <span class='ocrx_word' id='word_1_19' title='bbox 1182 405 1448 452; x_wconf 91' lang='lat' dir='ltr'>hominibus</span> <span class='ocrx_word' id='word_1_20' title='bbox 1480 420 1636 451; x_wconf 89' lang='lat' dir='ltr'>armo-</span> 
     </span>
     <span class='ocr_line' id='line_1_4' title="bbox 234 482 1636 547; baseline -0.002 -17"><span class='ocrx_word' id='word_1_21' title='bbox 234 499 341 531; x_wconf 90' lang='lat' dir='ltr'>rum</span> <span class='ocrx_word' id='word_1_22' title='bbox 377 483 590 530; x_wconf 88' lang='lat' dir='ltr'>venirent</span> <span class='ocrx_word' id='word_1_23' title='bbox 620 482 677 529; x_wconf 89' lang='lat' dir='ltr'>ad</span> <span class='ocrx_word' id='word_1_24' title='bbox 723 482 1065 547; x_wconf 81' lang='lat' dir='ltr'>subjugandum</span> <span class='ocrx_word' id='word_1_25' title='bbox 1099 482 1396 529; x_wconf 81' lang='lat' dir='ltr'>parisienses.</span> <span class='ocrx_word' id='word_1_26' title='bbox 1438 483 1636 544; x_wconf 84' lang='lat' dir='ltr'>Propter</span> 
     </span>
     <span class='ocr_line' id='line_1_5' title="bbox 234 556 1635 621; baseline -0.003 -15"><span class='ocrx_word' id='word_1_27' title='bbox 234 558 352 606; x_wconf 92' lang='lat' dir='ltr'>hanc</span> <span class='ocrx_word' id='word_1_28' title='bbox 383 558 667 614; x_wconf 90' lang='lat' dir='ltr'>dilationem,</span> <span class='ocrx_word' id='word_1_29' title='bbox 696 558 976 606; x_wconf 91' lang='lat' dir='ltr'>Parisienses</span> <span class='ocrx_word' id='word_1_30' title='bbox 1008 557 1212 621; x_wconf 89' lang='lat' dir='ltr'>qualibet</span> <span class='ocrx_word' id='word_1_31' title='bbox 1245 563 1379 604; x_wconf 92' lang='lat' dir='ltr'>nocte</span> <span class='ocrx_word' id='word_1_32' title='bbox 1418 556 1635 604; x_wconf 90' lang='lat' dir='ltr'>sollicitas</span> 
     </span>
     <span class='ocr_line' id='line_1_6' title="bbox 234 632 1635 699; baseline -0.001 -17"><span class='ocrx_word' id='word_1_33' title='bbox 234 641 280 682; x_wconf 92' lang='lat' dir='ltr'>et</span> <span class='ocrx_word' id='word_1_34' title='bbox 320 651 511 699; x_wconf 85' lang='lat' dir='ltr'>magnas</span> <span class='ocrx_word' id='word_1_35' title='bbox 553 634 787 682; x_wconf 83' lang='lat' dir='ltr'>custodias</span> <span class='ocrx_word' id='word_1_36' title='bbox 822 635 1074 691; x_wconf 80' lang='lat' dir='ltr'>faciebant3</span> <span class='ocrx_word' id='word_1_37' title='bbox 1120 634 1165 681; x_wconf 92' lang='lat' dir='ltr'>in</span> <span class='ocrx_word' id='word_1_38' title='bbox 1210 633 1379 697; x_wconf 89' lang='lat' dir='ltr'>quibus</span> <span class='ocrx_word' id='word_1_39' title='bbox 1412 632 1635 680; x_wconf 90' lang='lat' dir='ltr'>custodiis</span> 
     </span>
     <span class='ocr_line' id='line_1_7' title="bbox 232 710 1637 773; baseline -0.002 -14"><span class='ocrx_word' id='word_1_40' title='bbox 232 711 506 759; x_wconf 85' lang='lat' dir='ltr'>multociens</span> <span class='ocrx_word' id='word_1_41' title='bbox 545 711 675 759; x_wconf 85' lang='lat' dir='ltr'>affuit</span> <span class='ocrx_word' id='word_1_42' title='bbox 712 711 928 759; x_wconf 91' lang='lat' dir='ltr'>dominus</span> <span class='ocrx_word' id='word_1_43' title='bbox 971 710 1228 766; x_wconf 87' lang='lat' dir='ltr'>Couchiaci,</span> <span class='ocrx_word' id='word_1_44' title='bbox 1263 710 1342 773; x_wconf 89' lang='lat' dir='ltr'>qui</span> <span class='ocrx_word' id='word_1_45' title='bbox 1385 714 1498 757; x_wconf 89' lang='lat' dir='ltr'>tunc</span> <span class='ocrx_word' id='word_1_46' title='bbox 1537 715 1637 756; x_wconf 91' lang='lat' dir='ltr'>erat</span> 
     </span>
     <span class='ocr_line' id='line_1_8' title="bbox 233 786 1637 852; baseline -0.002 -17"><span class='ocrx_word' id='word_1_47' title='bbox 233 788 358 851; x_wconf 89' lang='lat' dir='ltr'>apud</span> <span class='ocrx_word' id='word_1_48' title='bbox 393 804 554 852; x_wconf 85' lang='lat' dir='ltr'>regem</span> <span class='ocrx_word' id='word_1_49' title='bbox 586 793 632 835; x_wconf 90' lang='lat' dir='ltr'>et</span> <span class='ocrx_word' id='word_1_50' title='bbox 669 788 726 835; x_wconf 92' lang='lat' dir='ltr'>de</span> <span class='ocrx_word' id='word_1_51' title='bbox 755 788 1009 852; x_wconf 87' lang='lat' dir='ltr'>majoribus</span> <span class='ocrx_word' id='word_1_52' title='bbox 1043 787 1221 835; x_wconf 92' lang='lat' dir='ltr'>consilii</span> <span class='ocrx_word' id='word_1_53' title='bbox 1256 786 1355 850; x_wconf 87' lang='lat' dir='ltr'>ejus</span> <span class='ocrx_word' id='word_1_54' title='bbox 1395 804 1403 833; x_wconf 93' lang='lat'><strong>:</strong></span> <span class='ocrx_word' id='word_1_55' title='bbox 1446 786 1504 834; x_wconf 93' lang='lat' dir='ltr'>de</span> <span class='ocrx_word' id='word_1_56' title='bbox 1542 801 1637 848; x_wconf 92' lang='lat' dir='ltr'>quo</span> 
     </span>
     <span class='ocr_line' id='line_1_9' title="bbox 231 861 1636 926; baseline -0.001 -16"><span class='ocrx_word' id='word_1_57' title='bbox 231 879 524 911; x_wconf 89' lang='lat' dir='ltr'>murmurare</span> <span class='ocrx_word' id='word_1_58' title='bbox 538 863 729 926; x_wconf 89' lang='lat' dir='ltr'>quidam</span> <span class='ocrx_word' id='word_1_59' title='bbox 744 870 985 926; x_wconf 88' lang='lat' dir='ltr'>ceperunt,</span> <span class='ocrx_word' id='word_1_60' title='bbox 1006 863 1212 911; x_wconf 87' lang='lat' dir='ltr'>dicentes</span> <span class='ocrx_word' id='word_1_61' title='bbox 1227 861 1354 926; x_wconf 92' lang='lat' dir='ltr'>quod</span> <span class='ocrx_word' id='word_1_62' title='bbox 1368 862 1468 926; x_wconf 90' lang='lat' dir='ltr'>ipse</span> <span class='ocrx_word' id='word_1_63' title='bbox 1479 861 1636 909; x_wconf 88' lang='lat' dir='ltr'>venie-</span> 
     </span>
     <span class='ocr_line' id='line_1_10' title="bbox 231 937 837 986; baseline 0 0"><span class='ocrx_word' id='word_1_64' title='bbox 231 937 310 986; x_wconf 91' lang='lat' dir='ltr'>bat</span> <span class='ocrx_word' id='word_1_65' title='bbox 336 938 393 986; x_wconf 91' lang='lat' dir='ltr'>ad</span> <span class='ocrx_word' id='word_1_66' title='bbox 414 938 726 986; x_wconf 87' lang='lat' dir='ltr'>insidiandum</span> <span class='ocrx_word' id='word_1_67' title='bbox 753 939 837 986; x_wconf 89' lang='lat' dir='ltr'>eis.</span> 
     </span>
    </p>

    <p class='ocr_par' dir='ltr' id='par_1_3' title="bbox 226 1015 1637 1997">
     <span class='ocr_line' id='line_1_11' title="bbox 296 1015 1636 1078; baseline -0.001 -15"><span class='ocrx_word' id='word_1_68' title='bbox 296 1016 492 1074; x_wconf 86' lang='lat' dir='ltr'>Quidam</span> <span class='ocrx_word' id='word_1_69' title='bbox 512 1033 624 1063; x_wconf 92' lang='lat' dir='ltr'>vero</span> <span class='ocrx_word' id='word_1_70' title='bbox 646 1016 927 1063; x_wconf 90' lang='lat' dir='ltr'>Parisienses</span> <span class='ocrx_word' id='word_1_71' title='bbox 947 1021 1057 1063; x_wconf 93' lang='lat' dir='ltr'>tunc</span> <span class='ocrx_word' id='word_1_72' title='bbox 1072 1015 1300 1078; x_wconf 86' lang='lat' dir='ltr'>temporis</span> <span class='ocrx_word' id='word_1_73' title='bbox 1319 1018 1564 1062; x_wconf 87' lang='lat' dir='ltr'>traxerunt</span> <span class='ocrx_word' id='word_1_74' title='bbox 1586 1029 1636 1061; x_wconf 92' lang='lat' dir='ltr'>se</span> 
     </span>
     <span class='ocr_line' id='line_1_12' title="bbox 231 1092 1636 1157; baseline -0.003 -17"><span class='ocrx_word' id='word_1_75' title='bbox 231 1093 355 1156; x_wconf 91' lang='lat' dir='ltr'>apud</span> <span class='ocrx_word' id='word_1_76' title='bbox 384 1109 544 1157; x_wconf 83' lang='lat' dir='ltr'>regem</span> <span class='ocrx_word' id='word_1_77' title='bbox 573 1099 620 1140; x_wconf 92' lang='lat' dir='ltr'>et</span> <span class='ocrx_word' id='word_1_78' title='bbox 650 1092 817 1140; x_wconf 91' lang='lat' dir='ltr'>ducem</span> <span class='ocrx_word' id='word_1_79' title='bbox 848 1092 1132 1157; x_wconf 84' lang='lat' dir='ltr'>Burgundie,</span> <span class='ocrx_word' id='word_1_80' title='bbox 1166 1092 1406 1154; x_wconf 86' lang='lat' dir='ltr'>cupientes</span> <span class='ocrx_word' id='word_1_81' title='bbox 1434 1095 1636 1137; x_wconf 89' lang='lat' dir='ltr'>tractare</span> 
     </span>
     <span class='ocr_line' id='line_1_13' title="bbox 230 1165 1632 1230; baseline -0.003 -13"><span class='ocrx_word' id='word_1_82' title='bbox 230 1186 336 1218; x_wconf 92' lang='lat' dir='ltr'>cum</span> <span class='ocrx_word' id='word_1_83' title='bbox 366 1169 449 1217; x_wconf 80' lang='lat' dir='ltr'>eis,</span> <span class='ocrx_word' id='word_1_84' title='bbox 485 1169 688 1217; x_wconf 87' lang='lat' dir='ltr'>Tandem</span> <span class='ocrx_word' id='word_1_85' title='bbox 720 1169 951 1216; x_wconf 89' lang='lat' dir='ltr'>dominica</span> <span class='ocrx_word' id='word_1_86' title='bbox 976 1175 1022 1216; x_wconf 94' lang='lat' dir='ltr'>et</span> <span class='ocrx_word' id='word_1_87' title='bbox 1049 1168 1122 1215; x_wconf 90' lang='lat' dir='ltr'>die</span> <span class='ocrx_word' id='word_1_88' title='bbox 1148 1168 1255 1215; x_wconf 92' lang='lat' dir='ltr'>lune</span> <span class='ocrx_word' id='word_1_89' title='bbox 1282 1165 1632 1230; x_wconf 80' lang='lat' dir='ltr'>sequentibus¹,</span> 
     </span>
     <span class='ocr_line' id='line_1_14' title="bbox 228 1242 1636 1310; baseline -0.003 -17"><span class='ocrx_word' id='word_1_90' title='bbox 228 1246 381 1293; x_wconf 90' lang='lat' dir='ltr'>vocati</span> <span class='ocrx_word' id='word_1_91' title='bbox 397 1253 501 1294; x_wconf 92' lang='lat' dir='ltr'>sunt</span> <span class='ocrx_word' id='word_1_92' title='bbox 520 1264 544 1293; x_wconf 91' lang='lat' dir='ltr'>a</span> <span class='ocrx_word' id='word_1_93' title='bbox 559 1262 668 1310; x_wconf 83' lang='lat' dir='ltr'>rege</span> <span class='ocrx_word' id='word_1_94' title='bbox 683 1263 846 1293; x_wconf 89' lang='lat' dir='ltr'>omnes</span> <span class='ocrx_word' id='word_1_95' title='bbox 863 1244 1166 1309; x_wconf 84' lang='lat' dir='ltr'>quaternarii,</span> <span class='ocrx_word' id='word_1_96' title='bbox 1187 1242 1576 1307; x_wconf 81' lang='lat' dir='ltr'>quinquagenarii</span> <span class='ocrx_word' id='word_1_97' title='bbox 1590 1247 1636 1289; x_wconf 94' lang='lat' dir='ltr'>et</span> 
     </span>
     <span class='ocr_line' id='line_1_15' title="bbox 230 1319 1637 1385; baseline -0.004 -15"><span class='ocrx_word' id='word_1_98' title='bbox 230 1323 466 1370; x_wconf 90' lang='lat' dir='ltr'>decimarii</span> <span class='ocrx_word' id='word_1_99' title='bbox 503 1322 730 1379; x_wconf 87' lang='lat' dir='ltr'>Parisius;</span> <span class='ocrx_word' id='word_1_100' title='bbox 765 1338 968 1385; x_wconf 90' lang='lat' dir='ltr'>quorum</span> <span class='ocrx_word' id='word_1_101' title='bbox 999 1320 1131 1368; x_wconf 92' lang='lat' dir='ltr'>multi</span> <span class='ocrx_word' id='word_1_102' title='bbox 1163 1326 1499 1367; x_wconf 88' lang='lat' dir='ltr'>consenserunt</span> <span class='ocrx_word' id='word_1_103' title='bbox 1536 1319 1637 1383; x_wconf 84' lang='lat' dir='ltr'>regi</span> 
     </span>
     <span class='ocr_line' id='line_1_16' title="bbox 229 1394 1632 1461; baseline -0.004 -16"><span class='ocrx_word' id='word_1_104' title='bbox 229 1404 280 1445; x_wconf 93' lang='lat' dir='ltr'>ut</span> <span class='ocrx_word' id='word_1_105' title='bbox 304 1398 415 1445; x_wconf 90' lang='lat' dir='ltr'>dicti</span> <span class='ocrx_word' id='word_1_106' title='bbox 440 1398 760 1445; x_wconf 82' lang='lat' dir='ltr'>malefactores</span> <span class='ocrx_word' id='word_1_107' title='bbox 779 1398 1059 1461; x_wconf 87' lang='lat' dir='ltr'>punirentur</span> <span class='ocrx_word' id='word_1_108' title='bbox 1075 1396 1133 1444; x_wconf 92' lang='lat' dir='ltr'>ad</span> <span class='ocrx_word' id='word_1_109' title='bbox 1154 1396 1494 1458; x_wconf 88' lang='lat' dir='ltr'>beneplacitum</span> <span class='ocrx_word' id='word_1_110' title='bbox 1517 1394 1632 1458; x_wconf 90' lang='lat' dir='ltr'>ejus.</span> 
     </span>
     <span class='ocr_line' id='line_1_17' title="bbox 228 1470 1636 1539; baseline -0.004 -17"><span class='ocrx_word' id='word_1_111' title='bbox 228 1475 373 1539; x_wconf 91' lang='lat' dir='ltr'>Hujus</span> <span class='ocrx_word' id='word_1_112' title='bbox 404 1491 540 1522; x_wconf 90' lang='lat' dir='ltr'>causa</span> <span class='ocrx_word' id='word_1_113' title='bbox 570 1491 652 1522; x_wconf 86' lang='lat' dir='ltr'>rex</span> <span class='ocrx_word' id='word_1_114' title='bbox 679 1474 870 1522; x_wconf 92' lang='lat' dir='ltr'>indulsit</span> <span class='ocrx_word' id='word_1_115' title='bbox 895 1474 1122 1522; x_wconf 86' lang='lat' dir='ltr'>offensam</span> <span class='ocrx_word' id='word_1_116' title='bbox 1151 1478 1313 1520; x_wconf 90' lang='lat' dir='ltr'>contra</span> <span class='ocrx_word' id='word_1_117' title='bbox 1340 1488 1389 1519; x_wconf 92' lang='lat' dir='ltr'>se</span> <span class='ocrx_word' id='word_1_118' title='bbox 1417 1470 1636 1518; x_wconf 89' lang='lat' dir='ltr'>commis-</span> 
     </span>
     <span class='ocr_line' id='line_1_18' title="bbox 229 1547 1636 1614; baseline -0.004 -15"><span class='ocrx_word' id='word_1_119' title='bbox 229 1568 346 1608; x_wconf 88' lang='lat' dir='ltr'>sam,</span> <span class='ocrx_word' id='word_1_120' title='bbox 379 1568 469 1614; x_wconf 91' lang='lat' dir='ltr'>que</span> <span class='ocrx_word' id='word_1_121' title='bbox 501 1551 574 1598; x_wconf 92' lang='lat' dir='ltr'>die</span> <span class='ocrx_word' id='word_1_122' title='bbox 610 1551 772 1598; x_wconf 90' lang='lat' dir='ltr'>martis</span> <span class='ocrx_word' id='word_1_123' title='bbox 799 1550 1012 1614; x_wconf 87' lang='lat' dir='ltr'>sequenti</span> <span class='ocrx_word' id='word_1_124' title='bbox 1042 1549 1275 1613; x_wconf 90' lang='lat' dir='ltr'>publicata</span> <span class='ocrx_word' id='word_1_125' title='bbox 1308 1554 1395 1604; x_wconf 91' lang='lat' dir='ltr'>est,</span> <span class='ocrx_word' id='word_1_126' title='bbox 1432 1553 1482 1595; x_wconf 91' lang='lat' dir='ltr'>ut</span> <span class='ocrx_word' id='word_1_127' title='bbox 1517 1547 1636 1594; x_wconf 92' lang='lat' dir='ltr'>infra</span> 
     </span>
     <span class='ocr_line' id='line_1_19' title="bbox 228 1623 1635 1682; baseline -0.004 -7"><span class='ocrx_word' id='word_1_128' title='bbox 228 1628 425 1675; x_wconf 90' lang='lat' dir='ltr'>dicetur.</span> <span class='ocrx_word' id='word_1_129' title='bbox 455 1630 601 1675; x_wconf 90' lang='lat' dir='ltr'>Porro</span> <span class='ocrx_word' id='word_1_130' title='bbox 628 1628 748 1675; x_wconf 88' lang='lat' dir='ltr'>dicta</span> <span class='ocrx_word' id='word_1_131' title='bbox 771 1627 845 1674; x_wconf 90' lang='lat' dir='ltr'>die</span> <span class='ocrx_word' id='word_1_132' title='bbox 870 1627 994 1682; x_wconf 92' lang='lat' dir='ltr'>lune,</span> <span class='ocrx_word' id='word_1_133' title='bbox 1021 1626 1068 1673; x_wconf 91' lang='lat' dir='ltr'>in</span> <span class='ocrx_word' id='word_1_134' title='bbox 1095 1626 1243 1673; x_wconf 87' lang='lat' dir='ltr'>noctis</span> <span class='ocrx_word' id='word_1_135' title='bbox 1270 1624 1498 1680; x_wconf 89' lang='lat' dir='ltr'>custodia,</span> <span class='ocrx_word' id='word_1_136' title='bbox 1525 1623 1635 1671; x_wconf 92' lang='lat' dir='ltr'>dicti</span> 
     </span>
     <span class='ocr_line' id='line_1_20' title="bbox 228 1700 1636 1767; baseline -0.004 -16"><span class='ocrx_word' id='word_1_137' title='bbox 228 1705 550 1752; x_wconf 89' lang='lat' dir='ltr'>malefactores</span> <span class='ocrx_word' id='word_1_138' title='bbox 570 1704 693 1767; x_wconf 89' lang='lat' dir='ltr'>capti</span> <span class='ocrx_word' id='word_1_139' title='bbox 721 1710 828 1751; x_wconf 88' lang='lat' dir='ltr'>sunt</span> <span class='ocrx_word' id='word_1_140' title='bbox 847 1722 872 1751; x_wconf 90' lang='lat' dir='ltr'>a</span> <span class='ocrx_word' id='word_1_141' title='bbox 893 1704 1029 1751; x_wconf 91' lang='lat' dir='ltr'>dictis</span> <span class='ocrx_word' id='word_1_142' title='bbox 1057 1702 1381 1766; x_wconf 88' lang='lat' dir='ltr'>quaternariis,</span> <span class='ocrx_word' id='word_1_143' title='bbox 1406 1700 1636 1764; x_wconf 89' lang='lat' dir='ltr'>quinqua-</span> 
     </span>
     <span class='ocr_line' id='line_1_21' title="bbox 227 1777 1635 1845; baseline -0.004 -17"><span class='ocrx_word' id='word_1_144' title='bbox 227 1781 427 1845; x_wconf 86' lang='lat' dir='ltr'>genariis</span> <span class='ocrx_word' id='word_1_145' title='bbox 454 1787 498 1829; x_wconf 91' lang='lat' dir='ltr'>et</span> <span class='ocrx_word' id='word_1_146' title='bbox 525 1780 806 1837; x_wconf 88' lang='lat' dir='ltr'>decimariis,</span> <span class='ocrx_word' id='word_1_147' title='bbox 834 1780 913 1844; x_wconf 92' lang='lat' dir='ltr'>qui</span> <span class='ocrx_word' id='word_1_148' title='bbox 941 1779 1080 1843; x_wconf 91' lang='lat' dir='ltr'>positi</span> <span class='ocrx_word' id='word_1_149' title='bbox 1107 1785 1213 1826; x_wconf 87' lang='lat' dir='ltr'>sunt</span> <span class='ocrx_word' id='word_1_150' title='bbox 1239 1778 1285 1825; x_wconf 92' lang='lat' dir='ltr'>in</span> <span class='ocrx_word' id='word_1_151' title='bbox 1312 1777 1555 1826; x_wconf 89' lang='lat' dir='ltr'>Castelleto</span> <span class='ocrx_word' id='word_1_152' title='bbox 1589 1782 1635 1823; x_wconf 94' lang='lat' dir='ltr'>et</span> 
     </span>
     <span class='ocr_line' id='line_1_22' title="bbox 226 1852 1634 1920; baseline -0.004 -15"><span class='ocrx_word' id='word_1_153' title='bbox 226 1857 529 1920; x_wconf 88' lang='lat' dir='ltr'>postmodum</span> <span class='ocrx_word' id='word_1_154' title='bbox 567 1857 828 1904; x_wconf 86' lang='lat' dir='ltr'>executioni</span> <span class='ocrx_word' id='word_1_155' title='bbox 856 1856 1041 1920; x_wconf 89' lang='lat' dir='ltr'>justicie</span> <span class='ocrx_word' id='word_1_156' title='bbox 1084 1855 1241 1903; x_wconf 88' lang='lat' dir='ltr'>traditi</span> <span class='ocrx_word' id='word_1_157' title='bbox 1278 1860 1402 1911; x_wconf 90' lang='lat' dir='ltr'>sunt,</span> <span class='ocrx_word' id='word_1_158' title='bbox 1446 1859 1495 1901; x_wconf 92' lang='lat' dir='ltr'>ut</span> <span class='ocrx_word' id='word_1_159' title='bbox 1539 1852 1634 1900; x_wconf 89' lang='lat' dir='ltr'>dis-</span> 
     </span>
     <span class='ocr_line' id='line_1_23' title="bbox 226 1934 752 1997; baseline 0 -17"><span class='ocrx_word' id='word_1_160' title='bbox 226 1934 367 1982; x_wconf 91' lang='lat' dir='ltr'>tincte</span> <span class='ocrx_word' id='word_1_161' title='bbox 388 1940 518 1997; x_wconf 90' lang='lat' dir='ltr'>patet</span> <span class='ocrx_word' id='word_1_162' title='bbox 543 1934 752 1981; x_wconf 89' lang='lat' dir='ltr'>inferius.</span> 
     </span>
    </p>

    <p class='ocr_par' dir='ltr' id='par_1_4' title="bbox 223 2006 1632 2689">
     <span class='ocr_line' id='line_1_24' title="bbox 291 2006 1631 2073; baseline -0.004 -15"><span class='ocrx_word' id='word_1_163' title='bbox 291 2010 496 2058; x_wconf 91' lang='lat' dir='ltr'>Tandem</span> <span class='ocrx_word' id='word_1_164' title='bbox 534 2010 608 2058; x_wconf 93' lang='lat' dir='ltr'>die</span> <span class='ocrx_word' id='word_1_165' title='bbox 649 2009 812 2058; x_wconf 90' lang='lat' dir='ltr'>martis</span> <span class='ocrx_word' id='word_1_166' title='bbox 850 2008 1080 2073; x_wconf 90' lang='lat' dir='ltr'>sequenti,</span> <span class='ocrx_word' id='word_1_167' title='bbox 1115 2008 1181 2072; x_wconf 72' lang='lat' dir='ltr'>xj⁸</span> <span class='ocrx_word' id='word_1_168' title='bbox 1211 2008 1286 2056; x_wconf 94' lang='lat' dir='ltr'>die</span> <span class='ocrx_word' id='word_1_169' title='bbox 1326 2006 1502 2063; x_wconf 89' lang='lat' dir='ltr'>marcii,</span> <span class='ocrx_word' id='word_1_170' title='bbox 1539 2023 1631 2070; x_wconf 85' lang='lat' dir='ltr'>pax</span> 
     </span>
     <span class='ocr_line' id='line_1_25' title="bbox 226 2083 1628 2151; baseline -0.003 -17"><span class='ocrx_word' id='word_1_171' title='bbox 226 2087 344 2135; x_wconf 85' lang='lat' dir='ltr'>facta</span> <span class='ocrx_word' id='word_1_172' title='bbox 364 2094 433 2135; x_wconf 88' lang='lat' dir='ltr'>est</span> <span class='ocrx_word' id='word_1_173' title='bbox 459 2092 504 2134; x_wconf 88' lang='lat' dir='ltr'>et</span> <span class='ocrx_word' id='word_1_174' title='bbox 525 2087 758 2151; x_wconf 87' lang='lat' dir='ltr'>publicata</span> <span class='ocrx_word' id='word_1_175' title='bbox 778 2087 824 2133; x_wconf 93' lang='lat' dir='ltr'>in</span> <span class='ocrx_word' id='word_1_176' title='bbox 850 2087 966 2134; x_wconf 91' lang='lat' dir='ltr'>fallis</span> <span class='ocrx_word' id='word_1_177' title='bbox 986 2093 1031 2133; x_wconf 92' lang='lat' dir='ltr'>et</span> <span class='ocrx_word' id='word_1_178' title='bbox 1057 2086 1100 2133; x_wconf 92' lang='lat' dir='ltr'>in</span> <span class='ocrx_word' id='word_1_179' title='bbox 1128 2085 1384 2149; x_wconf 87' lang='lat' dir='ltr'>quadriviis</span> <span class='ocrx_word' id='word_1_180' title='bbox 1410 2083 1628 2140; x_wconf 88' lang='lat' dir='ltr'>ParisiuS,</span> 
     </span>
     <span class='ocr_line' id='line_1_26' title="bbox 226 2160 1631 2227; baseline -0.003 -16"><span class='ocrx_word' id='word_1_181' title='bbox 226 2181 316 2226; x_wconf 90' lang='lat' dir='ltr'>qua</span> <span class='ocrx_word' id='word_1_182' title='bbox 336 2181 420 2211; x_wconf 86' lang='lat' dir='ltr'>rex</span> <span class='ocrx_word' id='word_1_183' title='bbox 440 2164 498 2212; x_wconf 90' lang='lat' dir='ltr'>ad</span> <span class='ocrx_word' id='word_1_184' title='bbox 517 2171 784 2227; x_wconf 87' lang='lat' dir='ltr'>requestam</span> <span class='ocrx_word' id='word_1_185' title='bbox 810 2163 987 2210; x_wconf 91' lang='lat' dir='ltr'>domini</span> <span class='ocrx_word' id='word_1_186' title='bbox 1004 2163 1189 2218; x_wconf 90' lang='lat' dir='ltr'>Valesii‚</span> <span class='ocrx_word' id='word_1_187' title='bbox 1216 2162 1372 2209; x_wconf 89' lang='lat' dir='ltr'>fratris</span> <span class='ocrx_word' id='word_1_188' title='bbox 1390 2161 1477 2218; x_wconf 91' lang='lat' dir='ltr'>sui,</span> <span class='ocrx_word' id='word_1_189' title='bbox 1500 2160 1631 2208; x_wconf 90' lang='lat' dir='ltr'>ducis</span> 
     </span>
     <span class='ocr_line' id='line_1_27' title="bbox 225 2237 1626 2305; baseline -0.003 -18"><span class='ocrx_word' id='word_1_190' title='bbox 225 2241 509 2305; x_wconf 85' lang='lat' dir='ltr'>Burgundie,</span> <span class='ocrx_word' id='word_1_191' title='bbox 531 2240 852 2289; x_wconf 89' lang='lat' dir='ltr'>Universitatis</span> <span class='ocrx_word' id='word_1_192' title='bbox 868 2240 1067 2287; x_wconf 91' lang='lat' dir='ltr'>Parisius</span> <span class='ocrx_word' id='word_1_193' title='bbox 1085 2244 1130 2287; x_wconf 91' lang='lat' dir='ltr'>et</span> <span class='ocrx_word' id='word_1_194' title='bbox 1143 2239 1340 2286; x_wconf 87' lang='lat' dir='ltr'>aliorum</span> <span class='ocrx_word' id='word_1_195' title='bbox 1354 2237 1626 2294; x_wconf 90' lang='lat' dir='ltr'>multorum,</span> 
     </span>
     <span class='ocr_line' id='line_1_28' title="bbox 224 2315 1630 2381; baseline -0.002 -18"><span class='ocrx_word' id='word_1_196' title='bbox 224 2317 494 2381; x_wconf 84' lang='lat' dir='ltr'>indulgebat</span> <span class='ocrx_word' id='word_1_197' title='bbox 520 2317 736 2365; x_wconf 90' lang='lat' dir='ltr'>omnibus</span> <span class='ocrx_word' id='word_1_198' title='bbox 761 2316 1138 2381; x_wconf 89' lang='lat' dir='ltr'>delinquentibus</span> <span class='ocrx_word' id='word_1_199' title='bbox 1167 2315 1406 2379; x_wconf 89' lang='lat' dir='ltr'>predictis,</span> <span class='ocrx_word' id='word_1_200' title='bbox 1449 2330 1630 2361; x_wconf 90' lang='lat' dir='ltr'>necnon</span> 
     </span>
     <span class='ocr_line' id='line_1_29' title="bbox 224 2390 1629 2457; baseline -0.002 -16"><span class='ocrx_word' id='word_1_201' title='bbox 224 2394 496 2441; x_wconf 88' lang='lat' dir='ltr'>absolvebat</span> <span class='ocrx_word' id='word_1_202' title='bbox 521 2411 602 2441; x_wconf 90' lang='lat' dir='ltr'>eos</span> <span class='ocrx_word' id='word_1_203' title='bbox 630 2394 688 2441; x_wconf 89' lang='lat' dir='ltr'>ab</span> <span class='ocrx_word' id='word_1_204' title='bbox 727 2394 853 2441; x_wconf 90' lang='lat' dir='ltr'>omni</span> <span class='ocrx_word' id='word_1_205' title='bbox 890 2393 1121 2457; x_wconf 90' lang='lat' dir='ltr'>corporali</span> <span class='ocrx_word' id='word_1_206' title='bbox 1153 2393 1400 2440; x_wconf 89' lang='lat' dir='ltr'>criminosa</span> <span class='ocrx_word' id='word_1_207' title='bbox 1433 2398 1480 2438; x_wconf 91' lang='lat' dir='ltr'>et</span> <span class='ocrx_word' id='word_1_208' title='bbox 1511 2390 1629 2438; x_wconf 92' lang='lat' dir='ltr'>civili</span> 
     </span>
     <span class='ocr_line' id='line_1_30' title="bbox 224 2467 1630 2534; baseline -0.004 -16"><span class='ocrx_word' id='word_1_209' title='bbox 224 2487 342 2534; x_wconf 89' lang='lat' dir='ltr'>pena</span> <span class='ocrx_word' id='word_1_210' title='bbox 370 2487 511 2534; x_wconf 91' lang='lat' dir='ltr'>quam</span> <span class='ocrx_word' id='word_1_211' title='bbox 545 2476 705 2518; x_wconf 89' lang='lat' dir='ltr'>contra</span> <span class='ocrx_word' id='word_1_212' title='bbox 731 2470 886 2534; x_wconf 90' lang='lat' dir='ltr'>ipsum</span> <span class='ocrx_word' id='word_1_213' title='bbox 916 2471 1225 2526; x_wconf 89' lang='lat' dir='ltr'>incurrerant,</span> <span class='ocrx_word' id='word_1_214' title='bbox 1262 2468 1513 2516; x_wconf 88' lang='lat' dir='ltr'>reservatis</span> <span class='ocrx_word' id='word_1_215' title='bbox 1550 2467 1630 2531; x_wconf 90' lang='lat' dir='ltr'>qui</span> 
     </span>
     <span class='ocr_line' id='line_1_31' title="bbox 223 2542 1631 2609; baseline -0.004 -15"><span class='ocrx_word' id='word_1_216' title='bbox 223 2547 387 2594; x_wconf 89' lang='lat' dir='ltr'>eadem</span> <span class='ocrx_word' id='word_1_217' title='bbox 418 2563 554 2595; x_wconf 89' lang='lat' dir='ltr'>causa</span> <span class='ocrx_word' id='word_1_218' title='bbox 581 2552 711 2594; x_wconf 88' lang='lat' dir='ltr'>erant</span> <span class='ocrx_word' id='word_1_219' title='bbox 736 2547 781 2594; x_wconf 93' lang='lat' dir='ltr'>in</span> <span class='ocrx_word' id='word_1_220' title='bbox 809 2547 1071 2596; x_wconf 87' lang='lat' dir='ltr'>Castelleto.</span> <span class='ocrx_word' id='word_1_221' title='bbox 1103 2550 1209 2609; x_wconf 92' lang='lat' dir='ltr'>Ipso</span> <span class='ocrx_word' id='word_1_222' title='bbox 1236 2561 1438 2608; x_wconf 89' lang='lat' dir='ltr'>namque</span> <span class='ocrx_word' id='word_1_223' title='bbox 1463 2542 1555 2599; x_wconf 90' lang='lat' dir='ltr'>die,</span> <span class='ocrx_word' id='word_1_224' title='bbox 1585 2543 1631 2590; x_wconf 91' lang='lat' dir='ltr'>in</span> 
     </span>
     <span class='ocr_line' id='line_1_32' title="bbox 223 2619 1632 2689; baseline -0.002 -18"><span class='ocrx_word' id='word_1_225' title='bbox 223 2623 338 2672; x_wconf 90' lang='lat' dir='ltr'>fallis</span> <span class='ocrx_word' id='word_1_226' title='bbox 355 2624 566 2672; x_wconf 85' lang='lat' dir='ltr'>decollati</span> <span class='ocrx_word' id='word_1_227' title='bbox 593 2630 700 2672; x_wconf 89' lang='lat' dir='ltr'>sunt</span> <span class='ocrx_word' id='word_1_228' title='bbox 724 2624 837 2681; x_wconf 89' lang='lat' dir='ltr'>duo,</span> <span class='ocrx_word' id='word_1_229' title='bbox 861 2623 1159 2689; x_wconf 88' lang='lat' dir='ltr'>presentibus</span> <span class='ocrx_word' id='word_1_230' title='bbox 1182 2622 1373 2670; x_wconf 90' lang='lat' dir='ltr'>domino</span> <span class='ocrx_word' id='word_1_231' title='bbox 1391 2619 1632 2670; x_wconf 91' lang='lat' dir='ltr'>Couchiaci</span> 
     </span>
    </p>
   </div>
   <div class='ocr_carea' id='block_1_3' title="bbox 273 2791 996 2839">
    <p class='ocr_par' dir='ltr' id='par_1_5' title="bbox 273 2791 996 2839">
     <span class='ocr_line' id='line_1_33' title="bbox 273 2791 996 2839; baseline -0.003 -10"><span class='ocrx_word' id='word_1_232' title='bbox 273 2793 306 2829; x_wconf 83' lang='lat'>1.</span> <span class='ocrx_word' id='word_1_233' title='bbox 330 2792 382 2828; x_wconf 84' lang='lat' dir='ltr'>Le</span> <span class='ocrx_word' id='word_1_234' title='bbox 402 2792 423 2829; x_wconf 84' lang='lat'>9</span> <span class='ocrx_word' id='word_1_235' title='bbox 443 2792 600 2829; x_wconf 84' lang='lat' dir='ltr'>etle10</span> <span class='ocrx_word' id='word_1_236' title='bbox 620 2803 724 2828; x_wconf 85' lang='lat' dir='ltr'>mars</span> <span class='ocrx_word' id='word_1_237' title='bbox 744 2791 836 2829; x_wconf 76' lang='lat'><strong>1382</strong></span> <span class='ocrx_word' id='word_1_238' title='bbox 858 2793 908 2837; x_wconf 88' lang='lat' dir='ltr'>(n.</span> <span class='ocrx_word' id='word_1_239' title='bbox 934 2793 996 2839; x_wconf 86' lang='lat' dir='ltr'>st.)</span> 
     </span>
    </p>
   </div>
  </div>
 </body>
</html>
