1941 3294
480 249 849 283 CHRONOGRAPHIA
873 250 1027 283 REGUM
1052 249 1332 282 FRANCORUM.
1562 247 1604 284 13

207 328 279 376 sui
307 344 458 391 nuper
482 327 686 376 defuncti
706 327 751 374 in
778 343 994 385 uxorem,
1023 343 1223 390 eumque
1248 327 1421 375 faceret
1445 343 1604 391 regem

207 404 356 452 Sicilie
379 409 486 468 post
514 403 584 451 sui
609 403 872 451 decessum.
900 407 1000 452 Rex
1026 420 1212 467 quoque
1238 403 1471 468 Hungarie
1496 420 1606 451 con—

206 480 360 528 festim
385 479 510 527 misit
537 479 578 527 ei
606 479 798 527 fratrem
821 496 957 528 suum
985 479 1248 536 Andream;
1270 496 1470 543 cumque
1496 478 1607 526 dicti

206 556 415 604 Andreas
440 562 486 603 et
506 556 712 604 Johanna
732 562 886 603 essent
906 556 952 602 in
969 561 1089 603 etate
1106 556 1409 619 competenti,
1429 556 1608 603 Rober-

205 637 281 680 tus
306 649 391 680 rex
416 632 523 679 fecit
545 648 627 679 eos
653 632 948 680 matrimonio
974 632 1198 696 copulari,
1219 649 1272 680 ac
1291 649 1384 680 non
1411 632 1609 679 multum

205 715 313 772 post
331 708 550 773 migravit
566 727 591 756 a
608 709 808 766 seculo1‚
833 709 967 773 eique
987 708 1138 757 dictus
1159 708 1370 758 Andreas
1391 710 1438 757 in
1462 725 1609 774 regno

207 785 447 832 successit.

270 867 353 914 Hic
371 866 579 915 Andreas
607 867 844 915 modicum
868 874 977 932 post
1000 867 1162 916 habuit
1188 883 1333 915 unum
1358 867 1530 914 filium2
1551 866 1610 914 de

205 960 352 991 uxore
384 960 466 990 sua
493 944 718 1001 Johanna‚
756 945 837 1007 qui
862 950 1055 992 vocatus
1080 949 1150 991 est
1174 944 1372 992 Karolus
1397 943 1607 991 Martelli.

205 1023 352 1068 Porro
366 1020 462 1068 dux
475 1020 673 1068 Dirachii
693 1021 858 1069 videns
880 1021 1056 1069 dictum
1077 1037 1239 1085 regem
1256 1020 1429 1069 habere
1444 1020 1608 1077 filium,

204 1095 415 1144 tristatus
447 1102 518 1144 est
549 1097 702 1154 valde,
733 1097 841 1161 quia
871 1097 1090 1161 sperabat
1120 1097 1368 1160 pervenire
1395 1096 1454 1144 ad
1480 1113 1614 1144 coro-

206 1189 314 1219 nam
350 1173 500 1237 regni.
538 1173 727 1221 Sublato
765 1174 907 1238 igitur
939 1173 1108 1221 furtive
1149 1173 1273 1221 dicto
1310 1190 1476 1237 puero,
1507 1173 1615 1221 fecit

205 1265 313 1296 eum
336 1249 461 1312 apud
488 1266 537 1297 se
562 1250 748 1307 nutriri,
777 1250 934 1298 invitis
953 1266 1063 1314 rege
1089 1257 1134 1297 et
1154 1250 1333 1314 regina,
1363 1250 1615 1313 nupsitque

205 1341 312 1372 eum
337 1326 428 1373 filie
454 1342 536 1374 sue
561 1326 712 1374 adhuc
744 1326 913 1391 jacenti
945 1326 992 1374 in
1029 1327 1273 1375 cunabulis
1299 1327 1419 1374 sicut
1443 1332 1489 1374 et
1514 1328 1616 1390 ipse

205 1418 323 1465 puer
349 1402 421 1450 cui
444 1403 723 1450 nubebatur.

271 1486 397 1531 Tunc
415 1483 585 1531 factum
609 1489 680 1531 est
696 1500 918 1548 magnum
939 1484 1108 1532 festum
1130 1484 1176 1531 in
1195 1500 1289 1547 quo
1306 1484 1553 1532 hastiludia
1570 1491 1616 1532 et

206 1560 292 1607 alia
318 1560 520 1623 quedam
546 1561 860 1624 spaciamenta
886 1561 1004 1608 facta
1030 1567 1138 1609 sunt
1162 1561 1209 1608 in
1236 1561 1388 1625 platea
1415 1561 1615 1609 civitatis

206 1637 436 1700 Neapolis.
476 1639 525 1683 In
567 1653 660 1699 quo
697 1637 813 1684 festo
848 1643 1119 1699 paramenta
1154 1654 1384 1700 equorum
1421 1655 1613 1686 suorum

209 1712 394 1776 (regis),
418 1719 550 1759 erant
575 1713 772 1776 figurata
798 1713 1037 1761 securibus
1065 1720 1110 1760 et
1135 1714 1312 1761 truncis
1332 1714 1430 1761 sive
1453 1715 1614 1763 frustis

206 1788 456 1853 lignorum,
477 1805 567 1851 que
594 1794 700 1836 sunt
726 1789 1034 1837 instrumenta
1055 1790 1224 1853 quibus
1245 1790 1458 1838 homines
1477 1791 1612 1839 deca—

207 1866 429 1928 pitantur.
460 1865 604 1929 Hujus
630 1882 767 1913 causa
793 1865 982 1929 quidam
1010 1866 1188 1914 nobiles
1215 1884 1297 1914 sue
1325 1868 1612 1932 cognationis

206 1941 428 2006 indignati
449 1947 556 1989 sunt
571 1941 724 1989 valde.
746 1945 861 1989 Nam
888 1949 995 2005 post
1014 1943 1251 1990 modicum
1274 1950 1481 2008 tempus,
1506 1961 1613 1993 cum

207 2025 330 2066 esset
363 2018 410 2065 in
442 2018 584 2065 domo
610 2018 991 2066 Celestinensium
1023 2036 1105 2067 sue
1132 2019 1331 2067 civitatis
1356 2023 1612 2078 Aversane,

207 2095 485 2158 intempeste
505 2095 654 2141 noctis
668 2094 874 2151 silencio,
893 2095 1221 2143 descendendo
1236 2096 1294 2144 de
1309 2113 1493 2144 camera
1511 2115 1611 2154 sua,

209 2177 371 2234 captus
385 2177 455 2218 est
468 2189 493 2218 a
510 2170 806 2234 quibusdam,
822 2171 1096 2236 delatusque
1111 2172 1156 2219 in
1173 2173 1424 2236 quemdam
1438 2179 1612 2232 ortum,

208 2247 288 2295 ubi
311 2247 622 2311 strangulatus
640 2249 752 2295 estss.
770 2250 878 2296 Post
895 2248 1026 2312 cujus
1043 2248 1307 2307 decessum,
1330 2250 1491 2314 regina
1507 2250 1615 2298 des-

258 2416 290 2451 1.
314 2415 458 2452 Robert
478 2420 632 2451 mourut
653 2415 688 2451 le
709 2416 751 2451 19
769 2415 918 2462 janvier
941 2416 1044 2453 1343.

255 2475 291 2511 2.
315 2474 489 2511 L'enfant
517 2474 652 2521 naquit
680 2475 714 2510 le
739 2475 782 2511 24
809 2475 1005 2512 decembre
1026 2475 1130 2521 1345,
1153 2476 1261 2523 apres
1280 2476 1314 2512 la
1341 2482 1441 2514 mort
1470 2476 1515 2513 de
1547 2488 1616 2514 son

262 2546 277 2569 r
304 2563 310 2570 .

211 2545 299 2629 pei)
316 2592 460 2639 Andre,
477 2592 511 2628 le
530 2593 571 2629 18
594 2592 806 2639 septembre
829 2593 932 2639 1345,
948 2593 1007 2630 fut
1026 2594 1195 2642 etrangle
1216 2595 1311 2631 dans
1333 2595 1367 2631 le
1388 2602 1553 2632 couvent
1572 2595 1619 2632 de

212 2652 352 2699 Massa,
375 2652 395 2688 a
416 2651 577 2687 Aversa.
