<?xml version="1.0" encoding="UTF-8"?>
<!DOCTYPE html PUBLIC "-//W3C//DTD XHTML 1.0 Transitional//EN"
    "http://www.w3.org/TR/xhtml1/DTD/xhtml1-transitional.dtd">
<html xmlns="http://www.w3.org/1999/xhtml" xml:lang="en" lang="en">
 <head>
  <title>
</title>
<meta http-equiv="Content-Type" content="text/html;charset=utf-8" />
  <meta name='ocr-system' content='tesseract 3.04.00' />
  <meta name='ocr-capabilities' content='ocr_page ocr_carea ocr_par ocr_line ocrx_word'/>
</head>
<body>
  <div class='ocr_page' id='page_1' title='image "./chronographiareg03mora_0073.png"; bbox 0 0 1941 3294; ppageno 0'>
   <div class='ocr_carea' id='block_1_1' title="bbox 490 258 1614 294">
    <p class='ocr_par' dir='ltr' id='par_1_1' title="bbox 490 258 1614 294">
     <span class='ocr_line' id='line_1_1' title="bbox 490 258 1614 294; baseline 0.001 -1"><span class='ocrx_word' id='word_1_1' title='bbox 490 260 859 294; x_wconf 83' lang='lat' dir='ltr'><strong>GHRONOGRAPHIA</strong></span> <span class='ocrx_word' id='word_1_2' title='bbox 884 260 1037 292; x_wconf 85' lang='lat' dir='ltr'>REGUM</span> <span class='ocrx_word' id='word_1_3' title='bbox 1060 258 1339 291; x_wconf 83' lang='lat' dir='ltr'>FRANGORUM.</span> <span class='ocrx_word' id='word_1_4' title='bbox 1575 259 1614 294; x_wconf 88' lang='grc'>11</span> 
     </span>
    </p>
   </div>
   <div class='ocr_carea' id='block_1_2' title="bbox 211 337 1628 2766">
    <p class='ocr_par' dir='ltr' id='par_1_2' title="bbox 213 337 1626 1454">
     <span class='ocr_line' id='line_1_2' title="bbox 218 337 1621 404; baseline -0.001 -16"><span class='ocrx_word' id='word_1_5' title='bbox 218 340 442 404; x_wconf 88' lang='lat' dir='ltr'>progenie</span> <span class='ocrx_word' id='word_1_6' title='bbox 483 339 730 387; x_wconf 88' lang='lat' dir='ltr'>latinorum</span> <span class='ocrx_word' id='word_1_7' title='bbox 775 338 1110 401; x_wconf 89' lang='lat' dir='ltr'>imperatorum</span> <span class='ocrx_word' id='word_1_8' title='bbox 1157 337 1621 402; x_wconf 86' lang='lat' dir='ltr'>Constantinopolita-</span> 
     </span>
     <span class='ocr_line' id='line_1_3' title="bbox 219 413 1621 477; baseline -0.001 -13"><span class='ocrx_word' id='word_1_9' title='bbox 219 433 405 474; x_wconf 87' lang='lat' dir='ltr'>norum,</span> <span class='ocrx_word' id='word_1_10' title='bbox 434 416 492 463; x_wconf 93' lang='lat' dir='ltr'>de</span> <span class='ocrx_word' id='word_1_11' title='bbox 522 415 764 470; x_wconf 91' lang='lat' dir='ltr'>Balduino,</span> <span class='ocrx_word' id='word_1_12' title='bbox 796 415 965 462; x_wconf 81' lang='lat' dir='ltr'>comite</span> <span class='ocrx_word' id='word_1_13' title='bbox 994 413 1207 462; x_wconf 88' lang='lat' dir='ltr'>Flandrie</span> <span class='ocrx_word' id='word_1_14' title='bbox 1238 414 1540 477; x_wconf 90' lang='lat' dir='ltr'>Hanonieque</span> <span class='ocrx_word' id='word_1_15' title='bbox 1568 432 1621 462; x_wconf 86' lang='lat' dir='ltr'>ac</span> 
     </span>
     <span class='ocr_line' id='line_1_4' title="bbox 218 490 1622 556; baseline -0.001 -16"><span class='ocrx_word' id='word_1_16' title='bbox 218 493 373 556; x_wconf 89' lang='lat' dir='ltr'>primo</span> <span class='ocrx_word' id='word_1_17' title='bbox 398 493 645 540; x_wconf 89' lang='lat' dir='ltr'>latinorum</span> <span class='ocrx_word' id='word_1_18' title='bbox 670 491 954 554; x_wconf 78' lang='lat' dir='ltr'>imperatore</span> <span class='ocrx_word' id='word_1_19' title='bbox 980 490 1490 554; x_wconf 79' lang='lat' dir='ltr'>Constantinopolitano</span> <span class='ocrx_word' id='word_1_20' title='bbox 1516 490 1622 538; x_wconf 91' lang='lat' dir='ltr'>des-</span> 
     </span>
     <span class='ocr_line' id='line_1_5' title="bbox 218 567 1618 630; baseline -0.003 -13"><span class='ocrx_word' id='word_1_21' title='bbox 218 568 520 617; x_wconf 89' lang='lat' dir='ltr'>cendencium</span> <span class='ocrx_word' id='word_1_22' title='bbox 545 568 793 630; x_wconf 88' lang='lat' dir='ltr'>imperium</span> <span class='ocrx_word' id='word_1_23' title='bbox 820 567 1378 630; x_wconf 87' lang='lat' dir='ltr'>Constantinopolitanum</span> <span class='ocrx_word' id='word_1_24' title='bbox 1404 567 1618 622; x_wconf 80' lang='lat' dir='ltr'>obvenit3</span> 
     </span>
     <span class='ocr_line' id='line_1_6' title="bbox 218 642 1622 707; baseline -0.003 -14"><span class='ocrx_word' id='word_1_25' title='bbox 218 645 301 693; x_wconf 91' lang='lat' dir='ltr'>sed</span> <span class='ocrx_word' id='word_1_26' title='bbox 335 646 380 692; x_wconf 90' lang='lat' dir='ltr'>in</span> <span class='ocrx_word' id='word_1_27' title='bbox 413 643 857 706; x_wconf 80' lang='lat' dir='ltr'>Constantinopolim</span> <span class='ocrx_word' id='word_1_28' title='bbox 889 659 1127 707; x_wconf 91' lang='lat' dir='ltr'>nunquam</span> <span class='ocrx_word' id='word_1_29' title='bbox 1154 643 1362 700; x_wconf 88' lang='lat' dir='ltr'>intravit,</span> <span class='ocrx_word' id='word_1_30' title='bbox 1398 642 1506 706; x_wconf 91' lang='lat' dir='ltr'>quia</span> <span class='ocrx_word' id='word_1_31' title='bbox 1536 642 1622 690; x_wconf 93' lang='lat' dir='ltr'>ibi-</span> 
     </span>
     <span class='ocr_line' id='line_1_7' title="bbox 218 719 1622 784; baseline -0.002 -15"><span class='ocrx_word' id='word_1_32' title='bbox 218 721 326 769; x_wconf 86' lang='lat' dir='ltr'>dem</span> <span class='ocrx_word' id='word_1_33' title='bbox 345 721 477 769; x_wconf 84' lang='lat' dir='ltr'>Greci</span> <span class='ocrx_word' id='word_1_34' title='bbox 497 719 649 767; x_wconf 91' lang='lat' dir='ltr'>omnis</span> <span class='ocrx_word' id='word_1_35' title='bbox 666 719 791 784; x_wconf 84' lang='lat' dir='ltr'>regie</span> <span class='ocrx_word' id='word_1_36' title='bbox 809 737 891 767; x_wconf 90' lang='lat' dir='ltr'>seu</span> <span class='ocrx_word' id='word_1_37' title='bbox 910 719 1094 783; x_wconf 89' lang='lat' dir='ltr'>imperii</span> <span class='ocrx_word' id='word_1_38' title='bbox 1112 719 1350 784; x_wconf 82' lang='lat' dir='ltr'>dignitatis</span> <span class='ocrx_word' id='word_1_39' title='bbox 1369 735 1423 766; x_wconf 90' lang='lat' dir='ltr'>ac</span> <span class='ocrx_word' id='word_1_40' title='bbox 1439 735 1622 783; x_wconf 89' lang='lat' dir='ltr'>mages-</span> 
     </span>
     <span class='ocr_line' id='line_1_8' title="bbox 216 795 1624 860; baseline -0.001 -16"><span class='ocrx_word' id='word_1_41' title='bbox 216 797 323 844; x_wconf 85' lang='lat' dir='ltr'>tatis</span> <span class='ocrx_word' id='word_1_42' title='bbox 348 796 624 860; x_wconf 89' lang='lat' dir='ltr'>dyademate</span> <span class='ocrx_word' id='word_1_43' title='bbox 656 813 739 843; x_wconf 91' lang='lat' dir='ltr'>seu</span> <span class='ocrx_word' id='word_1_44' title='bbox 773 813 963 852; x_wconf 90' lang='lat' dir='ltr'>corona,</span> <span class='ocrx_word' id='word_1_45' title='bbox 994 813 1174 843; x_wconf 87' lang='lat' dir='ltr'>necnon</span> <span class='ocrx_word' id='word_1_46' title='bbox 1208 802 1254 843; x_wconf 92' lang='lat' dir='ltr'>et</span> <span class='ocrx_word' id='word_1_47' title='bbox 1279 795 1481 844; x_wconf 87' lang='lat' dir='ltr'>dominio</span> <span class='ocrx_word' id='word_1_48' title='bbox 1510 812 1624 859; x_wconf 88' lang='lat' dir='ltr'>gau-</span> 
     </span>
     <span class='ocr_line' id='line_1_9' title="bbox 217 872 1624 936; baseline 0.001 -17"><span class='ocrx_word' id='word_1_49' title='bbox 217 873 405 929; x_wconf 88' lang='lat' dir='ltr'>debant,</span> <span class='ocrx_word' id='word_1_50' title='bbox 429 889 713 936; x_wconf 91' lang='lat' dir='ltr'>quamquam</span> <span class='ocrx_word' id='word_1_51' title='bbox 735 873 1025 935; x_wconf 81' lang='lat' dir='ltr'>principatus</span> <span class='ocrx_word' id='word_1_52' title='bbox 1045 873 1231 936; x_wconf 82' lang='lat' dir='ltr'>Achaye</span> <span class='ocrx_word' id='word_1_53' title='bbox 1251 879 1297 920; x_wconf 91' lang='lat' dir='ltr'>et</span> <span class='ocrx_word' id='word_1_54' title='bbox 1317 872 1518 935; x_wconf 88' lang='lat' dir='ltr'>quedam</span> <span class='ocrx_word' id='word_1_55' title='bbox 1538 872 1624 920; x_wconf 94' lang='lat' dir='ltr'>alie</span> 
     </span>
     <span class='ocr_line' id='line_1_10' title="bbox 214 948 1625 997; baseline -0.001 -1"><span class='ocrx_word' id='word_1_56' title='bbox 214 955 340 996; x_wconf 90' lang='lat' dir='ltr'>terre</span> <span class='ocrx_word' id='word_1_57' title='bbox 384 948 469 995; x_wconf 90' lang='lat' dir='ltr'>sibi</span> <span class='ocrx_word' id='word_1_58' title='bbox 514 948 814 996; x_wconf 88' lang='lat' dir='ltr'>obediebant.</span> <span class='ocrx_word' id='word_1_59' title='bbox 863 949 944 997; x_wconf 91' lang='lat' dir='ltr'>Hic</span> <span class='ocrx_word' id='word_1_60' title='bbox 988 965 1186 997; x_wconf 85' lang='lat' dir='ltr'>uxorem</span> <span class='ocrx_word' id='word_1_61' title='bbox 1229 949 1362 997; x_wconf 85' lang='lat' dir='ltr'>duxit</span> <span class='ocrx_word' id='word_1_62' title='bbox 1413 965 1625 996; x_wconf 87' lang='lat' dir='ltr'>sororem</span> 
     </span>
     <span class='ocr_line' id='line_1_11' title="bbox 214 1025 1625 1089; baseline -0.001 -16"><span class='ocrx_word' id='word_1_63' title='bbox 214 1026 356 1082; x_wconf 89' lang='lat' dir='ltr'>Petri,</span> <span class='ocrx_word' id='word_1_64' title='bbox 394 1025 526 1072; x_wconf 92' lang='lat' dir='ltr'>ducis</span> <span class='ocrx_word' id='word_1_65' title='bbox 564 1025 786 1073; x_wconf 90' lang='lat' dir='ltr'>Borbonii</span> <span class='ocrx_word' id='word_1_66' title='bbox 819 1032 865 1072; x_wconf 91' lang='lat' dir='ltr'>et</span> <span class='ocrx_word' id='word_1_67' title='bbox 903 1026 1080 1083; x_wconf 88' lang='lat' dir='ltr'>Jacobi,</span> <span class='ocrx_word' id='word_1_68' title='bbox 1120 1025 1276 1073; x_wconf 89' lang='lat' dir='ltr'>fratris</span> <span class='ocrx_word' id='word_1_69' title='bbox 1309 1026 1424 1089; x_wconf 87' lang='lat' dir='ltr'>ejus,</span> <span class='ocrx_word' id='word_1_70' title='bbox 1465 1025 1625 1089; x_wconf 85' lang='lat' dir='ltr'>regine</span> 
     </span>
     <span class='ocr_line' id='line_1_12' title="bbox 215 1101 1626 1159; baseline 0 -10"><span class='ocrx_word' id='word_1_71' title='bbox 215 1102 421 1159; x_wconf 92' lang='lat' dir='ltr'>Boemie,</span> <span class='ocrx_word' id='word_1_72' title='bbox 450 1101 684 1149; x_wconf 87' lang='lat' dir='ltr'>comitisse</span> <span class='ocrx_word' id='word_1_73' title='bbox 710 1102 768 1148; x_wconf 92' lang='lat' dir='ltr'>de</span> <span class='ocrx_word' id='word_1_74' title='bbox 793 1106 982 1149; x_wconf 89' lang='lat' dir='ltr'>Foresta</span> <span class='ocrx_word' id='word_1_75' title='bbox 1008 1108 1055 1149; x_wconf 93' lang='lat' dir='ltr'>et</span> <span class='ocrx_word' id='word_1_76' title='bbox 1079 1101 1266 1149; x_wconf 92' lang='lat' dir='ltr'>domine</span> <span class='ocrx_word' id='word_1_77' title='bbox 1292 1102 1490 1159; x_wconf 84' lang='lat' dir='ltr'>Sulliaci,</span> <span class='ocrx_word' id='word_1_78' title='bbox 1516 1119 1626 1150; x_wconf 92' lang='lat' dir='ltr'>con-</span> 
     </span>
     <span class='ocr_line' id='line_1_13' title="bbox 216 1177 1624 1241; baseline 0 -16"><span class='ocrx_word' id='word_1_79' title='bbox 216 1178 325 1226; x_wconf 92' lang='lat' dir='ltr'>dam</span> <span class='ocrx_word' id='word_1_80' title='bbox 368 1177 575 1224; x_wconf 87' lang='lat' dir='ltr'>relictam</span> <span class='ocrx_word' id='word_1_81' title='bbox 621 1178 919 1241; x_wconf 89' lang='lat' dir='ltr'>primogeniti</span> <span class='ocrx_word' id='word_1_82' title='bbox 962 1177 1043 1225; x_wconf 92' lang='lat' dir='ltr'>filii</span> <span class='ocrx_word' id='word_1_83' title='bbox 1088 1178 1212 1240; x_wconf 86' lang='lat' dir='ltr'>regis</span> <span class='ocrx_word' id='word_1_84' title='bbox 1255 1178 1379 1240; x_wconf 90' lang='lat' dir='ltr'>Cipri</span> <span class='ocrx_word' id='word_1_85' title='bbox 1425 1194 1484 1224; x_wconf 84' lang='lat' dir='ltr'>ex</span> <span class='ocrx_word' id='word_1_86' title='bbox 1531 1194 1624 1240; x_wconf 84' lang='lat' dir='ltr'>quo</span> 
     </span>
     <span class='ocr_line' id='line_1_14' title="bbox 215 1253 1625 1317; baseline 0 -17"><span class='ocrx_word' id='word_1_87' title='bbox 215 1254 361 1301; x_wconf 93' lang='lat' dir='ltr'>filium</span> <span class='ocrx_word' id='word_1_88' title='bbox 405 1254 582 1309; x_wconf 88' lang='lat' dir='ltr'>habuit,</span> <span class='ocrx_word' id='word_1_89' title='bbox 627 1253 817 1301; x_wconf 92' lang='lat' dir='ltr'>nomine</span> <span class='ocrx_word' id='word_1_90' title='bbox 863 1256 1108 1317; x_wconf 92' lang='lat' dir='ltr'>Hugonem</span> <span class='ocrx_word' id='word_1_91' title='bbox 1149 1254 1207 1300; x_wconf 91' lang='lat' dir='ltr'>de</span> <span class='ocrx_word' id='word_1_92' title='bbox 1251 1254 1498 1317; x_wconf 88' lang='lat' dir='ltr'>Lizigneio,</span> <span class='ocrx_word' id='word_1_93' title='bbox 1547 1254 1625 1316; x_wconf 89' lang='lat' dir='ltr'>qui</span> 
     </span>
     <span class='ocr_line' id='line_1_15' title="bbox 213 1329 1626 1394; baseline 0 -17"><span class='ocrx_word' id='word_1_94' title='bbox 213 1346 412 1394; x_wconf 90' lang='lat' dir='ltr'>regnum</span> <span class='ocrx_word' id='word_1_95' title='bbox 431 1346 524 1376; x_wconf 93' lang='lat' dir='ltr'>non</span> <span class='ocrx_word' id='word_1_96' title='bbox 544 1329 720 1386; x_wconf 90' lang='lat' dir='ltr'>habuit,</span> <span class='ocrx_word' id='word_1_97' title='bbox 745 1330 853 1393; x_wconf 89' lang='lat' dir='ltr'>quia</span> <span class='ocrx_word' id='word_1_98' title='bbox 874 1335 1008 1393; x_wconf 89' lang='lat' dir='ltr'>pater</span> <span class='ocrx_word' id='word_1_99' title='bbox 1025 1331 1126 1391; x_wconf 91' lang='lat' dir='ltr'>ejus</span> <span class='ocrx_word' id='word_1_100' title='bbox 1143 1335 1248 1376; x_wconf 89' lang='lat' dir='ltr'>ante</span> <span class='ocrx_word' id='word_1_101' title='bbox 1265 1345 1424 1394; x_wconf 86' lang='lat' dir='ltr'>regem</span> <span class='ocrx_word' id='word_1_102' title='bbox 1445 1336 1626 1393; x_wconf 86' lang='lat' dir='ltr'>patrem</span> 
     </span>
     <span class='ocr_line' id='line_1_16' title="bbox 214 1406 1053 1454; baseline -0.002 0"><span class='ocrx_word' id='word_1_103' title='bbox 214 1423 351 1454; x_wconf 90' lang='lat' dir='ltr'>suum</span> <span class='ocrx_word' id='word_1_104' title='bbox 375 1406 422 1452; x_wconf 91' lang='lat' dir='ltr'>in</span> <span class='ocrx_word' id='word_1_105' title='bbox 448 1412 630 1453; x_wconf 87' lang='lat' dir='ltr'>matura</span> <span class='ocrx_word' id='word_1_106' title='bbox 655 1413 808 1453; x_wconf 91' lang='lat' dir='ltr'>morte</span> <span class='ocrx_word' id='word_1_107' title='bbox 835 1406 1053 1454; x_wconf 90' lang='lat' dir='ltr'>decessit.</span> 
     </span>
    </p>

    <p class='ocr_par' dir='ltr' id='par_1_3' title="bbox 213 1483 1628 1852">
     <span class='ocr_line' id='line_1_17' title="bbox 277 1483 1628 1547; baseline -0.001 -16"><span class='ocrx_word' id='word_1_108' title='bbox 277 1484 517 1532; x_wconf 87' lang='lat' dir='ltr'>Secundus</span> <span class='ocrx_word' id='word_1_109' title='bbox 551 1483 673 1531; x_wconf 91' lang='lat' dir='ltr'>filius</span> <span class='ocrx_word' id='word_1_110' title='bbox 705 1483 930 1547; x_wconf 91' lang='lat' dir='ltr'>principis</span> <span class='ocrx_word' id='word_1_111' title='bbox 959 1483 1017 1530; x_wconf 91' lang='lat' dir='ltr'>de</span> <span class='ocrx_word' id='word_1_112' title='bbox 1045 1484 1275 1530; x_wconf 87' lang='lat' dir='ltr'>Tharenta</span> <span class='ocrx_word' id='word_1_113' title='bbox 1308 1483 1393 1530; x_wconf 89' lang='lat' dir='ltr'>fuit</span> <span class='ocrx_word' id='word_1_114' title='bbox 1426 1483 1628 1530; x_wconf 85' lang='lat' dir='ltr'>Ludovi-</span> 
     </span>
     <span class='ocr_line' id='line_1_18' title="bbox 213 1558 1627 1623; baseline -0.001 -16"><span class='ocrx_word' id='word_1_115' title='bbox 213 1575 312 1617; x_wconf 85' lang='lat' dir='ltr'>cuS,</span> <span class='ocrx_word' id='word_1_116' title='bbox 333 1559 413 1623; x_wconf 91' lang='lat' dir='ltr'>qui</span> <span class='ocrx_word' id='word_1_117' title='bbox 436 1565 543 1623; x_wconf 91' lang='lat' dir='ltr'>post</span> <span class='ocrx_word' id='word_1_118' title='bbox 563 1565 764 1606; x_wconf 90' lang='lat' dir='ltr'>mortem</span> <span class='ocrx_word' id='word_1_119' title='bbox 782 1560 907 1623; x_wconf 86' lang='lat' dir='ltr'>regis</span> <span class='ocrx_word' id='word_1_120' title='bbox 927 1558 1111 1607; x_wconf 88' lang='lat' dir='ltr'>Andree</span> <span class='ocrx_word' id='word_1_121' title='bbox 1130 1558 1434 1622; x_wconf 86' lang='lat' dir='ltr'>desponsavit</span> <span class='ocrx_word' id='word_1_122' title='bbox 1454 1560 1627 1607; x_wconf 86' lang='lat' dir='ltr'>Johan-</span> 
     </span>
     <span class='ocr_line' id='line_1_19' title="bbox 213 1635 1621 1699; baseline -0.001 -16"><span class='ocrx_word' id='word_1_123' title='bbox 213 1653 339 1692; x_wconf 91' lang='lat' dir='ltr'>nam,</span> <span class='ocrx_word' id='word_1_124' title='bbox 353 1635 562 1699; x_wconf 88' lang='lat' dir='ltr'>reginam</span> <span class='ocrx_word' id='word_1_125' title='bbox 575 1636 766 1683; x_wconf 85' lang='lat' dir='ltr'>Scicilie.</span> <span class='ocrx_word' id='word_1_126' title='bbox 783 1636 860 1684; x_wconf 89' lang='lat' dir='ltr'>Cui</span> <span class='ocrx_word' id='word_1_127' title='bbox 874 1652 929 1682; x_wconf 93' lang='lat' dir='ltr'>eo</span> <span class='ocrx_word' id='word_1_128' title='bbox 941 1635 1068 1697; x_wconf 91' lang='lat' dir='ltr'>quod</span> <span class='ocrx_word' id='word_1_129' title='bbox 1081 1635 1331 1691; x_wconf 89' lang='lat' dir='ltr'>Robertus‚</span> <span class='ocrx_word' id='word_1_130' title='bbox 1348 1635 1493 1682; x_wconf 92' lang='lat' dir='ltr'>frater</span> <span class='ocrx_word' id='word_1_131' title='bbox 1504 1636 1602 1699; x_wconf 90' lang='lat' dir='ltr'>ejus</span> <span class='ocrx_word' id='word_1_132' title='bbox 1611 1673 1621 1692; x_wconf 97' lang='lat'>,</span> 
     </span>
     <span class='ocr_line' id='line_1_20' title="bbox 215 1712 1625 1775; baseline 0 -16"><span class='ocrx_word' id='word_1_133' title='bbox 215 1713 313 1760; x_wconf 90' lang='lat' dir='ltr'>sine</span> <span class='ocrx_word' id='word_1_134' title='bbox 348 1712 505 1760; x_wconf 86' lang='lat' dir='ltr'>liberis</span> <span class='ocrx_word' id='word_1_135' title='bbox 537 1712 753 1767; x_wconf 89' lang='lat' dir='ltr'>decessit,</span> <span class='ocrx_word' id='word_1_136' title='bbox 786 1712 1036 1774; x_wconf 87' lang='lat' dir='ltr'>imperium</span> <span class='ocrx_word' id='word_1_137' title='bbox 1064 1712 1625 1775; x_wconf 89' lang='lat' dir='ltr'>Constantinopolitanum</span> 
     </span>
     <span class='ocr_line' id='line_1_21' title="bbox 214 1788 1524 1852; baseline -0.001 -16"><span class='ocrx_word' id='word_1_138' title='bbox 214 1794 260 1836; x_wconf 90' lang='lat' dir='ltr'>et</span> <span class='ocrx_word' id='word_1_139' title='bbox 285 1789 572 1852; x_wconf 89' lang='lat' dir='ltr'>principatus</span> <span class='ocrx_word' id='word_1_140' title='bbox 598 1788 657 1836; x_wconf 93' lang='lat' dir='ltr'>de</span> <span class='ocrx_word' id='word_1_141' title='bbox 677 1789 907 1836; x_wconf 88' lang='lat' dir='ltr'>Tharenta</span> <span class='ocrx_word' id='word_1_142' title='bbox 932 1794 978 1835; x_wconf 91' lang='lat' dir='ltr'>et</span> <span class='ocrx_word' id='word_1_143' title='bbox 1001 1788 1185 1852; x_wconf 83' lang='lat' dir='ltr'>Achaye</span> <span class='ocrx_word' id='word_1_144' title='bbox 1213 1788 1524 1835; x_wconf 88' lang='lat' dir='ltr'>obvenerunt.</span> 
     </span>
    </p>

    <p class='ocr_par' dir='ltr' id='par_1_4' title="bbox 211 1864 1625 2766">
     <span class='ocr_line' id='line_1_22' title="bbox 278 1864 1622 1928; baseline 0 -16"><span class='ocrx_word' id='word_1_145' title='bbox 278 1868 335 1912; x_wconf 91' lang='lat' dir='ltr'>Et</span> <span class='ocrx_word' id='word_1_146' title='bbox 367 1866 565 1921; x_wconf 87' lang='lat' dir='ltr'>tercius,</span> <span class='ocrx_word' id='word_1_147' title='bbox 603 1865 790 1912; x_wconf 91' lang='lat' dir='ltr'>nomine</span> <span class='ocrx_word' id='word_1_148' title='bbox 818 1865 1082 1928; x_wconf 89' lang='lat' dir='ltr'>Philippus,</span> <span class='ocrx_word' id='word_1_149' title='bbox 1122 1864 1260 1912; x_wconf 90' lang='lat' dir='ltr'>etiam</span> <span class='ocrx_word' id='word_1_150' title='bbox 1298 1864 1398 1912; x_wconf 92' lang='lat' dir='ltr'>sine</span> <span class='ocrx_word' id='word_1_151' title='bbox 1429 1865 1622 1922; x_wconf 91' lang='lat' dir='ltr'>herede,</span> 
     </span>
     <span class='ocr_line' id='line_1_23' title="bbox 211 1941 1622 2004; baseline 0 -16"><span class='ocrx_word' id='word_1_152' title='bbox 211 1947 399 1989; x_wconf 88' lang='lat' dir='ltr'>mortuo</span> <span class='ocrx_word' id='word_1_153' title='bbox 425 1941 677 1998; x_wconf 83' lang='lat' dir='ltr'>Ludovico,</span> <span class='ocrx_word' id='word_1_154' title='bbox 707 1941 874 1988; x_wconf 88' lang='lat' dir='ltr'>marito</span> <span class='ocrx_word' id='word_1_155' title='bbox 896 1941 1105 2004; x_wconf 87' lang='lat' dir='ltr'>predicte</span> <span class='ocrx_word' id='word_1_156' title='bbox 1132 1942 1313 2004; x_wconf 89' lang='lat' dir='ltr'>regine,</span> <span class='ocrx_word' id='word_1_157' title='bbox 1346 1941 1491 1988; x_wconf 87' lang='lat' dir='ltr'>fratre</span> <span class='ocrx_word' id='word_1_158' title='bbox 1519 1958 1622 1996; x_wconf 83' lang='lat' dir='ltr'>suo,</span> 
     </span>
     <span class='ocr_line' id='line_1_24' title="bbox 212 2016 1625 2080; baseline 0 -16"><span class='ocrx_word' id='word_1_159' title='bbox 212 2017 364 2064; x_wconf 90' lang='lat' dir='ltr'>eidem</span> <span class='ocrx_word' id='word_1_160' title='bbox 385 2017 431 2064; x_wconf 91' lang='lat' dir='ltr'>in</span> <span class='ocrx_word' id='word_1_161' title='bbox 449 2017 544 2064; x_wconf 92' lang='lat' dir='ltr'>suis</span> <span class='ocrx_word' id='word_1_162' title='bbox 561 2017 759 2080; x_wconf 92' lang='lat' dir='ltr'>imperio</span> <span class='ocrx_word' id='word_1_163' title='bbox 779 2022 824 2064; x_wconf 90' lang='lat' dir='ltr'>et</span> <span class='ocrx_word' id='word_1_164' title='bbox 846 2017 1182 2080; x_wconf 88' lang='lat' dir='ltr'>principatibus</span> <span class='ocrx_word' id='word_1_165' title='bbox 1201 2016 1441 2073; x_wconf 89' lang='lat' dir='ltr'>successit,</span> <span class='ocrx_word' id='word_1_166' title='bbox 1461 2034 1625 2079; x_wconf 89' lang='lat' dir='ltr'>quam-</span> 
     </span>
     <span class='ocr_line' id='line_1_25' title="bbox 212 2092 1625 2157; baseline -0.001 -17"><span class='ocrx_word' id='word_1_167' title='bbox 212 2109 352 2156; x_wconf 90' lang='lat' dir='ltr'>quam</span> <span class='ocrx_word' id='word_1_168' title='bbox 367 2093 546 2157; x_wconf 89' lang='lat' dir='ltr'>prefata</span> <span class='ocrx_word' id='word_1_169' title='bbox 559 2092 837 2156; x_wconf 87' lang='lat' dir='ltr'>imperatrix</span> <span class='ocrx_word' id='word_1_170' title='bbox 856 2092 1384 2156; x_wconf 85' lang='lat' dir='ltr'>Constantinopolitana,</span> <span class='ocrx_word' id='word_1_171' title='bbox 1403 2109 1625 2157; x_wconf 87' lang='lat' dir='ltr'>germana</span> 
     </span>
     <span class='ocr_line' id='line_1_26' title="bbox 212 2169 1625 2233; baseline 0 -16"><span class='ocrx_word' id='word_1_172' title='bbox 212 2170 353 2226; x_wconf 87' lang='lat' dir='ltr'>Petri,</span> <span class='ocrx_word' id='word_1_173' title='bbox 377 2169 576 2217; x_wconf 91' lang='lat' dir='ltr'>condam</span> <span class='ocrx_word' id='word_1_174' title='bbox 600 2169 730 2217; x_wconf 89' lang='lat' dir='ltr'>ducis</span> <span class='ocrx_word' id='word_1_175' title='bbox 754 2169 1104 2224; x_wconf 88' lang='lat' dir='ltr'>Borboniensis,</span> <span class='ocrx_word' id='word_1_176' title='bbox 1128 2169 1289 2218; x_wconf 90' lang='lat' dir='ltr'>relicta</span> <span class='ocrx_word' id='word_1_177' title='bbox 1310 2170 1508 2233; x_wconf 89' lang='lat' dir='ltr'>pretacti</span> <span class='ocrx_word' id='word_1_178' title='bbox 1534 2173 1625 2218; x_wconf 87' lang='lat' dir='ltr'>Ro-</span> 
     </span>
     <span class='ocr_line' id='line_1_27' title="bbox 214 2245 1625 2309; baseline -0.001 -16"><span class='ocrx_word' id='word_1_179' title='bbox 214 2246 350 2302; x_wconf 93' lang='lat' dir='ltr'>berti,</span> <span class='ocrx_word' id='word_1_180' title='bbox 389 2245 684 2309; x_wconf 87' lang='lat' dir='ltr'>imperatoris</span> <span class='ocrx_word' id='word_1_181' title='bbox 710 2245 1224 2309; x_wconf 88' lang='lat' dir='ltr'>Constantinopolitani,</span> <span class='ocrx_word' id='word_1_182' title='bbox 1258 2246 1483 2309; x_wconf 89' lang='lat' dir='ltr'>principis</span> <span class='ocrx_word' id='word_1_183' title='bbox 1509 2246 1625 2294; x_wconf 89' lang='lat' dir='ltr'>Tha-</span> 
     </span>
     <span class='ocr_line' id='line_1_28' title="bbox 213 2321 1625 2386; baseline 0.001 -18"><span class='ocrx_word' id='word_1_184' title='bbox 213 2322 458 2377; x_wconf 89' lang='lat' dir='ltr'>rentensis,</span> <span class='ocrx_word' id='word_1_185' title='bbox 489 2321 801 2385; x_wconf 86' lang='lat' dir='ltr'>principatum</span> <span class='ocrx_word' id='word_1_186' title='bbox 837 2322 1041 2385; x_wconf 87' lang='lat' dir='ltr'>Achaye,</span> <span class='ocrx_word' id='word_1_187' title='bbox 1077 2321 1156 2385; x_wconf 92' lang='lat' dir='ltr'>qui</span> <span class='ocrx_word' id='word_1_188' title='bbox 1193 2321 1336 2369; x_wconf 92' lang='lat' dir='ltr'>modo</span> <span class='ocrx_word' id='word_1_189' title='bbox 1371 2321 1625 2386; x_wconf 82' lang='lat' dir='ltr'>vulgariter</span> 
     </span>
     <span class='ocr_line' id='line_1_29' title="bbox 212 2398 1623 2460; baseline 0.001 -17"><span class='ocrx_word' id='word_1_190' title='bbox 212 2399 364 2443; x_wconf 88' lang='lat' dir='ltr'>Morea</span> <span class='ocrx_word' id='word_1_191' title='bbox 400 2402 710 2459; x_wconf 83' lang='lat' dir='ltr'>nuncupatur,</span> <span class='ocrx_word' id='word_1_192' title='bbox 741 2413 828 2460; x_wconf 92' lang='lat' dir='ltr'>pro</span> <span class='ocrx_word' id='word_1_193' title='bbox 864 2398 973 2444; x_wconf 93' lang='lat' dir='ltr'>dote</span> <span class='ocrx_word' id='word_1_194' title='bbox 1008 2414 1107 2452; x_wconf 86' lang='lat' dir='ltr'>sua,</span> <span class='ocrx_word' id='word_1_195' title='bbox 1138 2413 1193 2444; x_wconf 91' lang='lat' dir='ltr'>eo</span> <span class='ocrx_word' id='word_1_196' title='bbox 1229 2403 1358 2453; x_wconf 88' lang='lat' dir='ltr'>tunc,</span> <span class='ocrx_word' id='word_1_197' title='bbox 1396 2403 1446 2444; x_wconf 90' lang='lat' dir='ltr'>ut</span> <span class='ocrx_word' id='word_1_198' title='bbox 1478 2398 1623 2446; x_wconf 89' lang='lat' dir='ltr'>moris</span> 
     </span>
     <span class='ocr_line' id='line_1_30' title="bbox 213 2472 1621 2536; baseline 0.001 -16"><span class='ocrx_word' id='word_1_199' title='bbox 213 2478 300 2529; x_wconf 90' lang='lat' dir='ltr'>est,</span> <span class='ocrx_word' id='word_1_200' title='bbox 323 2472 697 2520; x_wconf 85' lang='lat' dir='ltr'>usufructualiter</span> <span class='ocrx_word' id='word_1_201' title='bbox 720 2473 925 2521; x_wconf 90' lang='lat' dir='ltr'>tenebat.</span> <span class='ocrx_word' id='word_1_202' title='bbox 949 2473 1031 2521; x_wconf 92' lang='lat' dir='ltr'>Hic</span> <span class='ocrx_word' id='word_1_203' title='bbox 1052 2480 1159 2536; x_wconf 92' lang='lat' dir='ltr'>post</span> <span class='ocrx_word' id='word_1_204' title='bbox 1179 2479 1382 2520; x_wconf 85' lang='lat' dir='ltr'>mortem</span> <span class='ocrx_word' id='word_1_205' title='bbox 1409 2473 1540 2521; x_wconf 90' lang='lat' dir='ltr'>ducis</span> <span class='ocrx_word' id='word_1_206' title='bbox 1563 2474 1621 2521; x_wconf 89' lang='lat' dir='ltr'>de</span> 
     </span>
     <span class='ocr_line' id='line_1_31' title="bbox 212 2549 1621 2606; baseline 0.001 -10"><span class='ocrx_word' id='word_1_207' title='bbox 212 2549 424 2596; x_wconf 89' lang='lat' dir='ltr'>Dirachio</span> <span class='ocrx_word' id='word_1_208' title='bbox 466 2564 662 2596; x_wconf 86' lang='lat' dir='ltr'>uxorem</span> <span class='ocrx_word' id='word_1_209' title='bbox 701 2549 836 2596; x_wconf 89' lang='lat' dir='ltr'>duxit</span> <span class='ocrx_word' id='word_1_210' title='bbox 873 2549 1105 2597; x_wconf 87' lang='lat' dir='ltr'>ducissam</span> <span class='ocrx_word' id='word_1_211' title='bbox 1146 2550 1369 2606; x_wconf 84' lang='lat' dir='ltr'>Dirachii,</span> <span class='ocrx_word' id='word_1_212' title='bbox 1409 2566 1621 2597; x_wconf 89' lang='lat' dir='ltr'>sororem</span> 
     </span>
     <span class='ocr_line' id='line_1_32' title="bbox 212 2624 1615 2689; baseline -0.001 -16"><span class='ocrx_word' id='word_1_213' title='bbox 212 2625 418 2673; x_wconf 87' lang='lat' dir='ltr'>Jobanne</span> <span class='ocrx_word' id='word_1_214' title='bbox 436 2624 602 2682; x_wconf 88' lang='lat' dir='ltr'>Sicilie,</span> <span class='ocrx_word' id='word_1_215' title='bbox 628 2625 686 2673; x_wconf 88' lang='lat' dir='ltr'>de</span> <span class='ocrx_word' id='word_1_216' title='bbox 709 2643 801 2689; x_wconf 88' lang='lat' dir='ltr'>qua</span> <span class='ocrx_word' id='word_1_217' title='bbox 828 2632 1030 2689; x_wconf 84' lang='lat' dir='ltr'>quatuor</span> <span class='ocrx_word' id='word_1_218' title='bbox 1051 2626 1168 2673; x_wconf 87' lang='lat' dir='ltr'>filias</span> <span class='ocrx_word' id='word_1_219' title='bbox 1193 2626 1413 2689; x_wconf 88' lang='lat' dir='ltr'>suscepit.</span> <span class='ocrx_word' id='word_1_220' title='bbox 1445 2625 1615 2681; x_wconf 90' lang='lat' dir='ltr'>Prima,</span> 
     </span>
     <span class='ocr_line' id='line_1_33' title="bbox 214 2701 1617 2766; baseline 0.001 -18"><span class='ocrx_word' id='word_1_221' title='bbox 214 2702 400 2749; x_wconf 90' lang='lat' dir='ltr'>nomine</span> <span class='ocrx_word' id='word_1_222' title='bbox 431 2701 656 2758; x_wconf 84' lang='lat' dir='ltr'>Johanna,</span> <span class='ocrx_word' id='word_1_223' title='bbox 689 2702 771 2749; x_wconf 86' lang='lat' dir='ltr'>fuit</span> <span class='ocrx_word' id='word_1_224' title='bbox 797 2702 980 2750; x_wconf 89' lang='lat' dir='ltr'>ducissa</span> <span class='ocrx_word' id='word_1_225' title='bbox 1008 2702 1203 2750; x_wconf 88' lang='lat' dir='ltr'>Dirachii</span> <span class='ocrx_word' id='word_1_226' title='bbox 1227 2720 1235 2748; x_wconf 94' lang='lat'>:</span> <span class='ocrx_word' id='word_1_227' title='bbox 1267 2703 1385 2749; x_wconf 85' lang='lat' dir='ltr'>hanc</span> <span class='ocrx_word' id='word_1_228' title='bbox 1411 2702 1617 2766; x_wconf 90' lang='lat' dir='ltr'>despon-</span> 
     </span>
    </p>
   </div>
  </div>
 </body>
</html>
