1941 3294
184 286 288 333 1387]
458 287 827 321 GHRONOGRAPHIA
852 286 1005 320 REGUM
1029 285 1308 319 FRANCORUM.
1535 282 1580 319 83

183 375 389 431 brachio,
419 373 484 421 sic
509 371 636 436 quod
667 389 726 420 ex
756 372 834 419 illo
861 372 953 420 ictu
984 372 1181 420 Karolus
1210 370 1374 419 cecidit
1405 369 1454 417 in
1485 376 1580 418 ter-

182 467 284 498 ram
318 449 574 498 mortuus1.
605 451 673 495 Ex
706 448 794 495 hoc
821 447 1079 495 tremefacti
1114 447 1326 495 homines
1351 446 1583 494 exercitus

183 527 254 575 sui
290 543 452 575 omnes
490 526 709 590 fugerunt
748 525 882 574 citius
921 542 1062 589 quam
1096 531 1365 590 potuerunt.
1408 524 1583 572 Deinde

182 620 290 652 cum
306 604 582 652 defferretur
597 619 769 666 corpus
788 603 943 651 Karoli
959 608 1092 650 extra
1110 602 1350 651 castellum
1367 608 1413 649 et
1430 606 1585 649 essent

182 698 326 745 super
357 685 566 744 pontem,
604 679 866 744 projectum
901 686 973 728 est
1006 680 1053 727 in
1084 696 1221 743 aqua,
1259 695 1346 727 nec
1375 684 1586 743 postmo-

182 758 296 805 dum
316 761 560 821 repertum
578 761 667 804 est.

246 833 344 881 Hiis
369 832 536 881 auditis
561 833 744 880 bannus
769 832 826 880 de
851 833 1075 880 Dalmatia
1100 838 1146 880 et
1172 832 1421 897 episcopus
1446 836 1587 896 Zaga-

181 909 381 958 briensis
405 908 632 973 indignati
657 908 810 966 valde,
842 916 1221 974 congregatoque
1247 926 1421 974 magno
1450 925 1588 956 exer-

182 987 291 1045 citu,
320 990 550 1033 venerunt
574 985 634 1032 ad
661 985 935 1049 capiendam
960 986 1171 1050 reginam
1198 991 1244 1033 et
1269 1003 1350 1033 eos
1375 985 1455 1049 qui
1481 1001 1588 1033 cum

181 1080 236 1111 ea
267 1069 416 1110 erant.
446 1063 620 1127 Regina
655 1079 770 1110 vero
802 1068 848 1110 et
876 1079 1033 1110 comes
1068 1079 1265 1128 magnus
1299 1062 1584 1118 dubitantes,

181 1138 295 1186 dum
311 1137 432 1185 irent
454 1137 514 1185 ad
534 1137 756 1185 tutiorem
774 1137 947 1194 locum,
974 1137 1149 1201 reperti
1170 1143 1278 1184 sunt
1297 1137 1355 1184 ab
1375 1136 1590 1184 hostibus

182 1215 304 1271 suis;
332 1221 460 1270 tunc,
490 1220 707 1278 presente
727 1214 905 1278 regina,
935 1213 1045 1262 dicti
1065 1213 1246 1261 bannus
1272 1220 1320 1261 et
1339 1213 1589 1277 episcopus

182 1292 391 1339 fecerunt
411 1291 663 1355 decapitari
684 1291 904 1338 comitem
924 1307 1147 1356 magnum
1169 1296 1216 1338 et
1238 1290 1357 1338 duos
1377 1290 1590 1338 homines

183 1367 263 1430 qui
302 1367 568 1415 occiderant
607 1367 830 1414 Karolum
873 1383 926 1414 ac
963 1383 1128 1415 eorum
1167 1367 1319 1430 capita
1362 1367 1591 1415 miserunt

181 1443 450 1507 Neapolim,
487 1444 568 1492 ubi
601 1445 739 1492 affixa
773 1450 881 1491 sunt
914 1443 960 1490 in
995 1444 1188 1507 perticis
1225 1461 1368 1508 super
1405 1451 1585 1508 portas,

182 1537 313 1569 more
338 1521 636 1569 traditorum.
668 1524 815 1569 Porro
843 1521 1010 1584 prefati
1047 1521 1230 1569 bannus
1262 1527 1309 1569 et
1340 1522 1590 1586 episcopus

182 1597 381 1645 firmiter
401 1614 450 1646 se
470 1603 630 1646 tenent
652 1597 710 1645 de
730 1603 863 1661 parte
888 1598 1048 1662 regine
1068 1602 1324 1663 Margarete
1344 1604 1390 1646 et
1417 1603 1589 1647 Lance-

182 1674 264 1721 loti
289 1674 462 1738 regis2‚
490 1675 572 1722 filii
594 1674 664 1722 sui
689 1680 736 1722 et
762 1675 918 1722 Karoli
942 1676 1215 1739 supradicti,
1239 1681 1403 1723 contra
1428 1692 1590 1741 regem

183 1750 490 1799 Ludovicum.

246 1827 474 1878 Vicesima
511 1827 670 1891 quinta
712 1828 786 1876 die
827 1828 1133 1892 septembris,
1180 1829 1312 1892 quasi
1349 1845 1435 1893 per
1475 1829 1591 1877 duas

182 1904 322 1952 horas
347 1910 453 1952 ante
476 1904 739 1963 meridiem,
762 1905 924 1970 regina
950 1905 1142 1954 Francie
1167 1906 1351 1970 peperit
1370 1906 1518 1954 filium
1543 1906 1590 1953 in

182 1998 374 2030 nemore
405 1981 726 2040 Vicenarum3,
760 1982 840 2046 qui
872 1983 1070 2031 Karolus
1102 1988 1296 2030 vocatus
1329 1989 1416 2041 est,
1452 1989 1592 2048 atque

181 2058 314 2107 miles
340 2063 453 2106 tunc
478 2058 628 2107 factus
653 2064 753 2116 est3
785 2058 917 2123 cujus
942 2059 1160 2123 parrinus
1189 2059 1345 2108 extitit
1373 2060 1588 2119 Karolus,

233 2190 265 2225 1.
287 2189 341 2225 Le
361 2194 533 2226 meurtre
553 2194 617 2226 eut
637 2189 714 2226 lieu
735 2190 770 2225 13
792 2191 812 2226 5
833 2189 975 2227 sevrier
998 2189 1087 2227 1387
1112 2192 1163 2237 (11.
1188 2192 1268 2234 st.).

231 2247 265 2284 2.
289 2247 462 2284 Ladislas
483 2248 529 2285 de
550 2248 738 2286 Durazzo.

230 2307 264 2342 3.
288 2305 325 2342 A
340 2307 725 2344 Beaute-sur-Marne
741 2308 964 2354 (Ghronz'que
987 2311 1038 2345 du
1060 2310 1248 2355 Reliyieum
1266 2311 1307 2345 de
1323 2310 1588 2356 Saint-Denys,

185 2370 213 2401 t.
236 2365 268 2412 1,
294 2377 331 2412 p.
355 2366 450 2412 454).
476 2366 530 2402 La
551 2367 729 2403 nouvelle
759 2367 804 2403 de
835 2374 936 2405 cette
962 2369 1169 2406 naissance
1189 2370 1343 2417 parvint
1364 2370 1386 2406 a
1408 2370 1591 2417 Avignon

185 2425 220 2461 13
240 2424 281 2461 21
307 2425 463 2461 octobre
486 2425 596 2471 13863
618 2426 651 2462 le
680 2427 853 2463 cardinal
881 2428 1083 2465 d’Amiens
1111 2429 1255 2465 chanta
1279 2440 1322 2465 ce
1347 2429 1489 2476 jour-la
1515 2440 1592 2465 une

184 2494 311 2520 messe
335 2499 350 2518 «
373 2496 471 2532 pour
490 2485 524 2520 13
544 2496 705 2533 passage
723 2486 772 2522 du
793 2486 880 2534 Roy
895 2487 941 2524 de
957 2488 1105 2524 Franco
1122 2499 1172 2524 en
1192 2489 1420 2536 Engleterre
1442 2495 1479 2524 31
1498 2499 1595 2534 pour

188 2556 203 2577 α
227 2544 265 2579 13
285 2543 448 2580 nativit&
476 2543 526 2579 du
549 2544 610 2579 filz
636 2544 686 2580 du
714 2545 813 2593 Roy.
840 2559 855 2581 »
879 2546 932 2582 Le
961 2547 1006 2583 20
1030 2547 1254 2595 novembre,
1274 2548 1375 2583 Jean
1398 2548 1450 2584 Le
1471 2546 1592 2583 Fevre

186 2601 280 2638 31311
309 2602 331 2637 a
359 2602 607 2646 Vincennes;
640 2614 690 2639 011
722 2604 775 2640 lui
803 2610 958 2642 monti-a
981 2618 996 2639 α
1022 2606 1181 2642 l'enfant
1209 2605 1260 2642 du
1290 2606 1377 2653 Roy
1404 2611 1440 2642 et
1475 2617 1529 2641 nu
1559 2605 1592 2642 13

189 2674 204 2695 ‹
228 2661 395 2698 veismes
416 2662 674 2698 emmailloter
694 2667 731 2699 31
751 2665 970 2711 enveloper,
986 2670 1024 2701 et
1044 2665 1066 2701 3
1087 2676 1130 2702 ce
1147 2665 1236 2712 jour
1256 2665 1359 2702 avoit
1379 2664 1480 2701 deux
1495 2665 1595 2701 mois

189 2732 204 2751 «
228 2719 319 2766 qu’il
339 2720 454 2756 estoit
476 2721 538 2765 ne,
561 2731 712 2757 comme
733 2733 831 2759 nous
853 2723 928 2760 dist
955 2724 989 2761 le
1017 2724 1091 2760 sire
1119 2724 1165 2760 de
1194 2724 1358 2771 Savoisy
1381 2738 1396 2759 n
1422 2725 1594 2771 (Journal

188 2779 229 2814 de
248 2780 340 2815 Jean
361 2780 402 2815 Le
425 2782 540 2821 Ρὲυνσ,
564 2782 689 2826 aveque
708 2782 749 2817 de
770 2782 952 2826 chartres,
977 2788 1004 2819 t.
1027 2783 1058 2829 Ι,
1079 2795 1115 2830 p.
1139 2783 1206 2820 323
1228 2789 1266 2820 31
1288 2783 1383 2831 325).
