1941 3294
201 298 421 345 1400-1401]
473 301 843 335 CHRONOGRAPHIA
869 302 1022 335 REGUM
1047 301 1327 335 FRANGORUM.
1532 298 1597 334 195

199 380 258 428 ad
297 378 629 428 abreviandam
670 377 1012 436 obsidionem¹,
1048 378 1268 442 quoniam
1311 379 1411 442 ipse
1451 394 1601 425 novus

198 457 456 520 imperator
481 472 530 503 se
554 441 778 502 festinare·
798 455 983 503 volebat
1002 461 1053 503 ut
1077 455 1163 502 iret
1183 455 1229 502 in
1253 454 1598 502 Lombardiam.

198 537 434 583 Venerunt
463 538 617 580 autem
650 531 712 578 illi
745 531 803 578 de
836 532 1016 580 duabus
1042 531 1235 596 prefatis
1264 531 1527 579 civitatibus
1557 531 1600 578 in

197 609 305 657 villa
327 609 386 657 de
415 607 726 671 Franquefort
757 614 803 654 et
832 608 950 657 bene
982 608 1234 656 contentati
1267 614 1374 655 sunt
1397 608 1455 655 de
1485 607 1604 654 rcla-

197 685 324 733 tione
355 685 541 732 illorum
573 683 632 731 de
662 685 988 747 Franquefort,
1022 684 1149 747 quod
1181 684 1369 739 scilicet,
1405 683 1603 731 durante

197 761 458 819 obsidione,
475 761 732 825 imperator
745 777 967 825 magnum
981 761 1208 809 honorem
1222 767 1269 808 et
1285 760 1603 807 reverenciam

196 838 346 902 patrie
372 839 561 893 fecerat,
580 838 627 884 in
646 854 737 900 qua
757 838 908 886 nullus
925 838 983 885 de
1009 855 1094 886 suo
1120 837 1327 885 exercitu
1352 853 1605 884 nocumen-

196 919 297 961 tum
314 914 361 960 in
380 913 539 976 predis
559 919 639 960 aut
665 913 897 961 aliomodo
920 914 1112 962 fecerat.
1135 918 1262 962 Tunc
1280 914 1435 977 itaque
1456 914 1605 976 impe-

195 995 326 1036 rator
352 988 601 1051 unicuique
633 988 942 1053 burgencium
973 989 1032 1036 de
1065 989 1215 1037 tribus
1247 989 1439 1053 prefatis
1470 989 1604 1036 bonis

195 1066 313 1114 villis
339 1067 532 1130 vippam
559 1067 787 1130 porrexit.
817 1069 942 1113 Hora
966 1083 1081 1114 vero
1106 1066 1270 1114 eadem
1296 1082 1461 1113 omnes
1492 1065 1603 1113 bur-

195 1160 363 1208 genses
399 1149 446 1190 et
484 1143 660 1191 domini
700 1143 895 1206 predicti
936 1143 1156 1191 uniformi
1194 1160 1386 1191 assensu
1428 1143 1604 1190 litteras

196 1220 416 1284 sigillatas
461 1237 584 1267 novo
628 1220 902 1282 imperatori
945 1219 1266 1277 tradiderunt,
1315 1219 1604 1267 continentes

196 1297 394 1360 qualiter
420 1297 579 1344 debito
606 1296 748 1344 modo
769 1296 922 1359 ipsum
948 1297 1199 1360 elegerant.

260 1373 436 1420 Deinde
456 1373 700 1420 undecima
720 1373 944 1428 octobris,
968 1372 1092 1419 idem
1119 1374 1376 1436 imperator
1401 1373 1603 1420 associa-

194 1455 270 1496 tus
297 1449 498 1496 dominis
522 1455 569 1496 et
594 1449 906 1513 burgensibus
930 1449 1160 1497 bonarum
1187 1450 1400 1497 villarum
1428 1456 1473 1497 et
1499 1467 1605 1513 spe-

194 1526 370 1574 cialiter
383 1526 525 1573 trium
539 1525 873 1589 predictarum,
891 1525 1080 1573 intravit
1094 1526 1139 1572 in
1161 1526 1498 1589 Franquefort²
1519 1543 1605 1590 per

193 1601 390 1663 fluvium
420 1602 583 1649 Zaine3
610 1601 690 1664 qui
720 1601 822 1649 ssuit
852 1601 899 1648 in
927 1601 1074 1649 Rheni
1107 1601 1322 1659 fluvium,
1359 1602 1440 1649 ubi
1469 1619 1605 1650 coro-

195 1684 330 1726 natus
356 1685 427 1726 est
452 1678 498 1725 in
524 1694 686 1742 regem
710 1680 1029 1726 Romanorum
1054 1694 1140 1741 per
1160 1694 1325 1726 manus
1352 1679 1604 1742 archiepis-

195 1754 301 1818 copi
325 1754 734 1819 Maguntinensis4‚
760 1771 815 1802 eo
842 1754 984 1802 modo
1004 1771 1098 1818 quo
1124 1771 1260 1818 reges
1285 1759 1603 1803 Romanorum

196 1847 278 1878 seu
304 1831 512 1878 Almanie
539 1831 689 1878 solent
715 1831 946 1878 coronari.
977 1834 1041 1878 De
1069 1831 1223 1894 primo
1249 1848 1437 1895 quoque
1462 1832 1603 1880 fluvio

194 1908 242 1955 in
268 1908 524 1956 secundum
544 1914 748 1965 evectus,
771 1908 884 1956 abiit
902 1909 1250 1965 Heldleberch5‚
1275 1909 1430 1956 villam
1451 1926 1600 1967 suam,

195 1985 448 2049 assumptis
479 2001 638 2033 secum
663 1985 781 2033 duce
809 1985 1105 2050 Lotharingie
1130 1991 1176 2033 et
1210 1985 1300 2033 filia
1329 2002 1430 2044 sua,
1457 2002 1604 2034 uxore

243 2156 276 2191 1.
297 2155 482 2203 Cologne,
515 2155 868 2204 Aix-la-Chapelle.
904 2157 977 2193 Ces
1011 2156 1112 2194 deux
1145 2157 1256 2194 villes
1296 2158 1449 2194 avaient
1482 2157 1604 2205 partie

196 2214 269 2251 liee
292 2216 412 2259 (Ibat,
435 2221 462 2252 t.
484 2215 557 2261 III,
577 2227 612 2263 p.
629 2216 712 2263 284,
728 2222 764 2252 et
784 2221 813 2253 t.
829 2216 898 2263 IV,
915 2228 951 2264 p.
970 2218 1035 2254 155
1057 2222 1094 2253 et
1116 2217 1209 2262 159).
1234 2217 1287 2253 Cf.
1311 2217 1396 2253 leur
1416 2217 1603 2253 adhesion

197 2272 219 2308 ὲ.
240 2273 385 2310 Robert
408 2275 447 2316 (t.
470 2274 540 2320 IV,
563 2286 599 2321 p.
623 2275 718 2320 169).

243 2331 278 2367 2.
300 2331 397 2367 Voir
423 2331 632 2379 ci-dessus,
652 2344 688 2379 p.
714 2333 794 2379 194,
816 2339 906 2370 note
928 2333 963 2380 3,
987 2339 1025 2370 et
1051 2345 1117 2370 sur
1143 2334 1300 2371 l’entree
1327 2333 1372 2370 de
1400 2333 1545 2370 Rohert
1566 2340 1603 2369 et

197 2390 242 2426 de
264 2401 306 2426 sa
326 2390 480 2436 femme,
504 2392 676 2428 Deutsche
696 2394 1024 2439 Reichstaqsakten,
1048 2400 1075 2430 t.
1099 2393 1170 2440 IV,
1191 2406 1226 2441 p.
1251 2394 1332 2441 100,
1357 2393 1435 2430 161.

245 2449 278 2486 3.
301 2450 333 2486 Il
355 2450 434 2487 faut
455 2450 524 2486 lire
546 2451 580 2487 le
601 2452 717 2487 Mam.

244 2507 278 2543 4.
302 2507 503 2555 Mayence.
537 2508 682 2544 Robert
710 2509 889 2555 ecrivait,
921 2510 955 2546 le
984 2510 1006 2546 9
1032 2510 1262 2553 novembre,
1297 2510 1385 2557 qu'il
1420 2510 1603 2557 comptait

199 2567 279 2603 etre
310 2568 508 2603 couronne
538 2567 571 2603 le
599 2567 642 2603 25
673 2569 879 2605 novembre
910 2569 932 2605 a
963 2569 1188 2616 Francfort;
1218 2570 1241 2605 il
1274 2570 1327 2605 fut
1350 2570 1545 2605 couronne
1568 2569 1601 2605 le

199 2626 219 2662 6
235 2625 388 2673 janvier
410 2626 496 2662 1401
522 2626 574 2670 (n.
600 2631 660 2671 st.)
683 2627 705 2662 a
727 2627 906 2675 Cologne.

248 2685 281 2719 5.
303 2683 553 2731 Heidelberg;
589 2684 680 2720 c’est
707 2684 752 2720 de
783 2692 882 2721 cette
909 2685 997 2722 ville
1026 2697 1113 2734 que,
1144 2687 1179 2722 le
1208 2687 1228 2723 9
1258 2686 1467 2722 novembre
1500 2686 1602 2731 1400,

201 2741 346 2778 Robert
367 2742 469 2779 avait
491 2742 622 2779 notifie
643 2743 665 2778 a
686 2743 871 2781 Boniface
892 2744 950 2780 IX
973 2756 1042 2782 son
1063 2747 1195 2782 entree
1216 2746 1238 2781 ἐι
1260 2746 1473 2782 Francfort.
