<?xml version="1.0" encoding="UTF-8"?>
<!DOCTYPE html PUBLIC "-//W3C//DTD XHTML 1.0 Transitional//EN"
    "http://www.w3.org/TR/xhtml1/DTD/xhtml1-transitional.dtd">
<html xmlns="http://www.w3.org/1999/xhtml" xml:lang="en" lang="en">
 <head>
  <title>
</title>
<meta http-equiv="Content-Type" content="text/html;charset=utf-8" />
  <meta name='ocr-system' content='tesseract 3.04.00' />
  <meta name='ocr-capabilities' content='ocr_page ocr_carea ocr_par ocr_line ocrx_word'/>
</head>
<body>
  <div class='ocr_page' id='page_1' title='image "./chronographiareg03mora_0323.png"; bbox 0 0 1941 3294; ppageno 0'>
   <div class='ocr_carea' id='block_1_1' title="bbox 240 267 1636 317">
    <p class='ocr_par' dir='ltr' id='par_1_1' title="bbox 240 267 1636 317">
     <span class='ocr_line' id='line_1_1' title="bbox 240 267 1636 317; baseline -0.003 -10"><span class='ocrx_word' id='word_1_1' title='bbox 240 270 343 317; x_wconf 83' lang='grc'><strong>1405]</strong></span> <span class='ocrx_word' id='word_1_2' title='bbox 515 272 883 306; x_wconf 85' lang='lat' dir='ltr'><strong>CHRONOGRAPHIA</strong></span> <span class='ocrx_word' id='word_1_3' title='bbox 909 273 1061 305; x_wconf 85' lang='lat' dir='ltr'>REGUM</span> <span class='ocrx_word' id='word_1_4' title='bbox 1087 271 1365 304; x_wconf 85' lang='lat' dir='ltr'>FRANCORUM.</span> <span class='ocrx_word' id='word_1_5' title='bbox 1572 267 1636 304; x_wconf 73' lang='lat'>‘261</span> 
     </span>
    </p>
   </div>
   <div class='ocr_carea' id='block_1_2' title="bbox 231 346 1647 2150">
    <p class='ocr_par' dir='ltr' id='par_1_2' title="bbox 237 346 1643 719">
     <span class='ocr_line' id='line_1_2' title="bbox 237 346 1643 408; baseline -0.004 -10"><span class='ocrx_word' id='word_1_6' title='bbox 237 368 336 408; x_wconf 92' lang='lat' dir='ltr'>sua,</span> <span class='ocrx_word' id='word_1_7' title='bbox 358 349 593 406; x_wconf 88' lang='lat' dir='ltr'>valefacta,</span> <span class='ocrx_word' id='word_1_8' title='bbox 616 348 725 395; x_wconf 93' lang='lat' dir='ltr'>inde</span> <span class='ocrx_word' id='word_1_9' title='bbox 743 349 937 396; x_wconf 77' lang='lat' dir='ltr'><strong>recessit</strong></span> <span class='ocrx_word' id='word_1_10' title='bbox 955 353 1001 395; x_wconf 93' lang='lat' dir='ltr'>et</span> <span class='ocrx_word' id='word_1_11' title='bbox 1014 347 1308 395; x_wconf 86' lang='lat' dir='ltr'>Attrebatum</span> <span class='ocrx_word' id='word_1_12' title='bbox 1325 346 1535 403; x_wconf 89' lang='lat' dir='ltr'>veniens,</span> <span class='ocrx_word' id='word_1_13' title='bbox 1557 346 1643 393; x_wconf 88' lang='lat' dir='ltr'>ibi-</span> 
     </span>
     <span class='ocr_line' id='line_1_3' title="bbox 238 424 1643 491; baseline -0.004 -16"><span class='ocrx_word' id='word_1_14' title='bbox 238 444 328 491; x_wconf 90' lang='lat' dir='ltr'>que</span> <span class='ocrx_word' id='word_1_15' title='bbox 340 443 522 474; x_wconf 89' lang='lat' dir='ltr'>moram</span> <span class='ocrx_word' id='word_1_16' title='bbox 539 426 634 491; x_wconf 78' lang='lat' dir='ltr'>iiij⁰r</span> <span class='ocrx_word' id='word_1_17' title='bbox 646 425 828 473; x_wconf 89' lang='lat' dir='ltr'>dierum</span> <span class='ocrx_word' id='word_1_18' title='bbox 847 426 1033 483; x_wconf 89' lang='lat' dir='ltr'>faciens,</span> <span class='ocrx_word' id='word_1_19' title='bbox 1048 430 1156 488; x_wconf 92' lang='lat' dir='ltr'>post</span> <span class='ocrx_word' id='word_1_20' title='bbox 1170 424 1343 472; x_wconf 92' lang='lat' dir='ltr'>scilicet</span> <span class='ocrx_word' id='word_1_21' title='bbox 1363 424 1489 471; x_wconf 91' lang='lat' dir='ltr'>diem</span> <span class='ocrx_word' id='word_1_22' title='bbox 1503 439 1643 470; x_wconf 87' lang='lat' dir='ltr'>vene-</span> 
     </span>
     <span class='ocr_line' id='line_1_4' title="bbox 237 499 1642 566; baseline -0.003 -16"><span class='ocrx_word' id='word_1_23' title='bbox 237 503 302 551; x_wconf 92' lang='lat' dir='ltr'>ris</span> <span class='ocrx_word' id='word_1_24' title='bbox 327 503 480 566; x_wconf 85' lang='lat' dir='ltr'>vigilia</span> <span class='ocrx_word' id='word_1_25' title='bbox 505 501 848 564; x_wconf 88' lang='lat' dir='ltr'>Assumptionis</span> <span class='ocrx_word' id='word_1_26' title='bbox 874 502 1008 549; x_wconf 86' lang='lat' dir='ltr'>beate</span> <span class='ocrx_word' id='word_1_27' title='bbox 1033 500 1174 549; x_wconf 86' lang='lat' dir='ltr'>Marie</span> <span class='ocrx_word' id='word_1_28' title='bbox 1194 500 1412 563; x_wconf 79' lang='lat' dir='ltr'>Virginis,</span> <span class='ocrx_word' id='word_1_29' title='bbox 1443 499 1501 546; x_wconf 87' lang='lat' dir='ltr'>ad</span> <span class='ocrx_word' id='word_1_30' title='bbox 1529 515 1642 546; x_wconf 90' lang='lat' dir='ltr'>eun-</span> 
     </span>
     <span class='ocr_line' id='line_1_5' title="bbox 237 575 1642 639; baseline -0.004 -13"><span class='ocrx_word' id='word_1_31' title='bbox 237 579 350 626; x_wconf 92' lang='lat' dir='ltr'>dum</span> <span class='ocrx_word' id='word_1_32' title='bbox 375 578 575 625; x_wconf 87' lang='lat' dir='ltr'>Parisius</span> <span class='ocrx_word' id='word_1_33' title='bbox 600 578 810 635; x_wconf 80' lang='lat' dir='ltr'>recessit,</span> <span class='ocrx_word' id='word_1_34' title='bbox 841 577 1015 625; x_wconf 88' lang='lat' dir='ltr'>ducens</span> <span class='ocrx_word' id='word_1_35' title='bbox 1050 593 1207 624; x_wconf 90' lang='lat' dir='ltr'>secum</span> <span class='ocrx_word' id='word_1_36' title='bbox 1242 576 1399 639; x_wconf 91' lang='lat' dir='ltr'>plures</span> <span class='ocrx_word' id='word_1_37' title='bbox 1430 575 1642 622; x_wconf 90' lang='lat' dir='ltr'>homines</span> 
     </span>
     <span class='ocr_line' id='line_1_6' title="bbox 237 651 1615 719; baseline -0.004 -16"><span class='ocrx_word' id='word_1_38' title='bbox 237 660 458 719; x_wconf 76' lang='lat' dir='ltr'>cooperte</span> <span class='ocrx_word' id='word_1_39' title='bbox 484 654 586 719; x_wconf 74' lang='lat' dir='ltr'>(sic)</span> <span class='ocrx_word' id='word_1_40' title='bbox 614 659 819 701; x_wconf 87' lang='lat' dir='ltr'>armatos</span> <span class='ocrx_word' id='word_1_41' title='bbox 839 671 979 717; x_wconf 87' lang='lat' dir='ltr'>quam</span> <span class='ocrx_word' id='word_1_42' title='bbox 1006 670 1091 718; x_wconf 91' lang='lat' dir='ltr'>per</span> <span class='ocrx_word' id='word_1_43' title='bbox 1110 653 1242 717; x_wconf 90' lang='lat' dir='ltr'>prius</span> <span class='ocrx_word' id='word_1_44' title='bbox 1267 652 1445 699; x_wconf 82' lang='lat' dir='ltr'>solebat</span> <span class='ocrx_word' id='word_1_45' title='bbox 1466 651 1615 698; x_wconf 81' lang='lat' dir='ltr'>duci1.</span> 
     </span>
    </p>

    <p class='ocr_par' dir='ltr' id='par_1_3' title="bbox 231 728 1647 1783">
     <span class='ocr_line' id='line_1_7' title="bbox 301 728 1643 794; baseline -0.004 -16"><span class='ocrx_word' id='word_1_46' title='bbox 301 732 381 779; x_wconf 92' lang='lat' dir='ltr'>Die</span> <span class='ocrx_word' id='word_1_47' title='bbox 393 747 508 778; x_wconf 88' lang='lat' dir='ltr'>vero</span> <span class='ocrx_word' id='word_1_48' title='bbox 528 730 690 778; x_wconf 87' lang='lat' dir='ltr'>martis</span> <span class='ocrx_word' id='word_1_49' title='bbox 710 731 926 794; x_wconf 76' lang='lat' dir='ltr'>proxime</span> <span class='ocrx_word' id='word_1_50' title='bbox 945 730 1156 794; x_wconf 82' lang='lat' dir='ltr'>sequenti</span> <span class='ocrx_word' id='word_1_51' title='bbox 1177 730 1222 776; x_wconf 91' lang='lat' dir='ltr'>in</span> <span class='ocrx_word' id='word_1_52' title='bbox 1238 744 1435 792; x_wconf 89' lang='lat' dir='ltr'>vespere</span> <span class='ocrx_word' id='word_1_53' title='bbox 1453 728 1643 774; x_wconf 89' lang='lat' dir='ltr'>veniens</span> 
     </span>
     <span class='ocr_line' id='line_1_8' title="bbox 236 804 1644 866; baseline -0.004 -11"><span class='ocrx_word' id='word_1_54' title='bbox 236 809 293 855; x_wconf 88' lang='lat' dir='ltr'>ad</span> <span class='ocrx_word' id='word_1_55' title='bbox 315 808 471 855; x_wconf 91' lang='lat' dir='ltr'>villam</span> <span class='ocrx_word' id='word_1_56' title='bbox 491 807 548 854; x_wconf 93' lang='lat' dir='ltr'>de</span> <span class='ocrx_word' id='word_1_57' title='bbox 574 810 782 854; x_wconf 88' lang='lat' dir='ltr'>Louvres</span> <span class='ocrx_word' id='word_1_58' title='bbox 804 807 850 854; x_wconf 92' lang='lat' dir='ltr'>in</span> <span class='ocrx_word' id='word_1_59' title='bbox 876 807 1125 863; x_wconf 78' lang='lat' dir='ltr'>Parisei02‚</span> <span class='ocrx_word' id='word_1_60' title='bbox 1148 806 1211 854; x_wconf 87' lang='lat' dir='ltr'>ibi</span> <span class='ocrx_word' id='word_1_61' title='bbox 1233 805 1291 852; x_wconf 93' lang='lat' dir='ltr'>de</span> <span class='ocrx_word' id='word_1_62' title='bbox 1312 809 1448 852; x_wconf 91' lang='lat' dir='ltr'>nocte</span> <span class='ocrx_word' id='word_1_63' title='bbox 1467 804 1644 866; x_wconf 80' lang='lat' dir='ltr'>recepit</span> 
     </span>
     <span class='ocr_line' id='line_1_9' title="bbox 235 880 1644 944; baseline -0.003 -14"><span class='ocrx_word' id='word_1_64' title='bbox 235 885 413 931; x_wconf 79' lang='lat' dir='ltr'>litteras</span> <span class='ocrx_word' id='word_1_65' title='bbox 439 883 525 930; x_wconf 89' lang='lat' dir='ltr'>sibi</span> <span class='ocrx_word' id='word_1_66' title='bbox 549 882 609 930; x_wconf 91' lang='lat' dir='ltr'>de</span> <span class='ocrx_word' id='word_1_67' title='bbox 630 883 831 930; x_wconf 88' lang='lat' dir='ltr'>Parisius</span> <span class='ocrx_word' id='word_1_68' title='bbox 854 883 1071 939; x_wconf 89' lang='lat' dir='ltr'>directas,</span> <span class='ocrx_word' id='word_1_69' title='bbox 1096 882 1387 929; x_wconf 87' lang='lat' dir='ltr'>continentes</span> <span class='ocrx_word' id='word_1_70' title='bbox 1406 880 1532 944; x_wconf 92' lang='lat' dir='ltr'>quod</span> <span class='ocrx_word' id='word_1_71' title='bbox 1560 896 1644 926; x_wconf 84' lang='lat' dir='ltr'>rex</span> 
     </span>
     <span class='ocr_line' id='line_1_10' title="bbox 237 956 1641 1022; baseline -0.003 -16"><span class='ocrx_word' id='word_1_72' title='bbox 237 959 315 1022; x_wconf 90' lang='lat' dir='ltr'>qui</span> <span class='ocrx_word' id='word_1_73' title='bbox 350 975 500 1022; x_wconf 81' lang='lat' dir='ltr'>nuper</span> <span class='ocrx_word' id='word_1_74' title='bbox 529 958 586 1006; x_wconf 90' lang='lat' dir='ltr'>de</span> <span class='ocrx_word' id='word_1_75' title='bbox 620 959 887 1005; x_wconf 87' lang='lat' dir='ltr'>infirmitate</span> <span class='ocrx_word' id='word_1_76' title='bbox 923 975 1004 1005; x_wconf 90' lang='lat' dir='ltr'>sua</span> <span class='ocrx_word' id='word_1_77' title='bbox 1037 957 1295 1021; x_wconf 80' lang='lat' dir='ltr'>aliqualiter</span> <span class='ocrx_word' id='word_1_78' title='bbox 1326 956 1641 1011; x_wconf 78' lang='lat' dir='ltr'>convaluerat,</span> 
     </span>
     <span class='ocr_line' id='line_1_11' title="bbox 234 1032 1646 1100; baseline -0.003 -18"><span class='ocrx_word' id='word_1_79' title='bbox 234 1041 515 1100; x_wconf 82' lang='lat' dir='ltr'>aggravatus</span> <span class='ocrx_word' id='word_1_80' title='bbox 542 1041 658 1091; x_wconf 88' lang='lat' dir='ltr'>erat,</span> <span class='ocrx_word' id='word_1_81' title='bbox 689 1041 735 1082; x_wconf 92' lang='lat' dir='ltr'>et</span> <span class='ocrx_word' id='word_1_82' title='bbox 759 1035 886 1097; x_wconf 90' lang='lat' dir='ltr'>quod</span> <span class='ocrx_word' id='word_1_83' title='bbox 917 1035 1076 1099; x_wconf 85' lang='lat' dir='ltr'>regina</span> <span class='ocrx_word' id='word_1_84' title='bbox 1102 1041 1149 1082; x_wconf 91' lang='lat' dir='ltr'>et</span> <span class='ocrx_word' id='word_1_85' title='bbox 1175 1034 1271 1081; x_wconf 87' lang='lat' dir='ltr'>dux</span> <span class='ocrx_word' id='word_1_86' title='bbox 1298 1032 1646 1081; x_wconf 88' lang='lat' dir='ltr'>Aurelianensis</span> 
     </span>
     <span class='ocr_line' id='line_1_12' title="bbox 235 1111 1646 1169; baseline -0.002 -10"><span class='ocrx_word' id='word_1_87' title='bbox 235 1129 342 1160; x_wconf 92' lang='lat' dir='ltr'>cum</span> <span class='ocrx_word' id='word_1_88' title='bbox 373 1112 484 1169; x_wconf 91' lang='lat' dir='ltr'>suis,</span> <span class='ocrx_word' id='word_1_89' title='bbox 517 1117 566 1159; x_wconf 90' lang='lat' dir='ltr'>ut</span> <span class='ocrx_word' id='word_1_90' title='bbox 600 1111 721 1158; x_wconf 91' lang='lat' dir='ltr'>irent</span> <span class='ocrx_word' id='word_1_91' title='bbox 757 1113 1027 1167; x_wconf 86' lang='lat' dir='ltr'>Carnotum,</span> <span class='ocrx_word' id='word_1_92' title='bbox 1065 1129 1090 1157; x_wconf 91' lang='lat' dir='ltr'>a</span> <span class='ocrx_word' id='word_1_93' title='bbox 1121 1111 1324 1158; x_wconf 90' lang='lat' dir='ltr'>Parisius</span> <span class='ocrx_word' id='word_1_94' title='bbox 1354 1115 1646 1157; x_wconf 85' lang='lat' dir='ltr'>recesserant</span> 
     </span>
     <span class='ocr_line' id='line_1_13' title="bbox 236 1186 1647 1253; baseline -0.003 -17"><span class='ocrx_word' id='word_1_95' title='bbox 236 1194 282 1237; x_wconf 86' lang='lat' dir='ltr'>et</span> <span class='ocrx_word' id='word_1_96' title='bbox 316 1189 646 1236; x_wconf 85' lang='lat' dir='ltr'>ordinaverant</span> <span class='ocrx_word' id='word_1_97' title='bbox 681 1194 789 1253; x_wconf 92' lang='lat' dir='ltr'>post</span> <span class='ocrx_word' id='word_1_98' title='bbox 822 1205 871 1236; x_wconf 92' lang='lat' dir='ltr'>se</span> <span class='ocrx_word' id='word_1_99' title='bbox 906 1188 1014 1235; x_wconf 91' lang='lat' dir='ltr'>duci</span> <span class='ocrx_word' id='word_1_100' title='bbox 1050 1204 1276 1252; x_wconf 82' lang='lat' dir='ltr'>generum</span> <span class='ocrx_word' id='word_1_101' title='bbox 1311 1187 1433 1250; x_wconf 88' lang='lat' dir='ltr'>ejus,</span> <span class='ocrx_word' id='word_1_102' title='bbox 1473 1186 1647 1233; x_wconf 88' lang='lat' dir='ltr'>scilicet</span> 
     </span>
     <span class='ocr_line' id='line_1_14' title="bbox 235 1261 1645 1326; baseline -0.003 -15"><span class='ocrx_word' id='word_1_103' title='bbox 235 1263 403 1311; x_wconf 91' lang='lat' dir='ltr'>ducem</span> <span class='ocrx_word' id='word_1_104' title='bbox 428 1263 723 1326; x_wconf 88' lang='lat' dir='ltr'>Acquitanie,</span> <span class='ocrx_word' id='word_1_105' title='bbox 752 1262 1024 1325; x_wconf 89' lang='lat' dir='ltr'>dalphinum</span> <span class='ocrx_word' id='word_1_106' title='bbox 1050 1263 1241 1312; x_wconf 87' lang='lat' dir='ltr'>Vienne.</span> <span class='ocrx_word' id='word_1_107' title='bbox 1272 1261 1448 1319; x_wconf 83' lang='lat' dir='ltr'>Quibus</span> <span class='ocrx_word' id='word_1_108' title='bbox 1480 1261 1645 1308; x_wconf 88' lang='lat' dir='ltr'>litteris</span> 
     </span>
     <span class='ocr_line' id='line_1_15' title="bbox 235 1337 1645 1402; baseline 0 -18"><span class='ocrx_word' id='word_1_109' title='bbox 235 1339 363 1396; x_wconf 91' lang='lat' dir='ltr'>visis,</span> <span class='ocrx_word' id='word_1_110' title='bbox 393 1339 631 1386; x_wconf 89' lang='lat' dir='ltr'>modicum</span> <span class='ocrx_word' id='word_1_111' title='bbox 658 1355 908 1402; x_wconf 89' lang='lat' dir='ltr'>sompnum</span> <span class='ocrx_word' id='word_1_112' title='bbox 936 1339 1061 1395; x_wconf 88' lang='lat' dir='ltr'>fecit,</span> <span class='ocrx_word' id='word_1_113' title='bbox 1089 1338 1258 1386; x_wconf 90' lang='lat' dir='ltr'>deinde</span> <span class='ocrx_word' id='word_1_114' title='bbox 1286 1337 1490 1384; x_wconf 89' lang='lat' dir='ltr'>surrexit</span> <span class='ocrx_word' id='word_1_115' title='bbox 1516 1343 1560 1384; x_wconf 89' lang='lat' dir='ltr'>et</span> <span class='ocrx_word' id='word_1_116' title='bbox 1586 1337 1645 1384; x_wconf 89' lang='lat' dir='ltr'>ad</span> 
     </span>
     <span class='ocr_line' id='line_1_16' title="bbox 234 1413 1645 1478; baseline -0.002 -15"><span class='ocrx_word' id='word_1_117' title='bbox 234 1432 403 1464; x_wconf 88' lang='lat' dir='ltr'>sonum</span> <span class='ocrx_word' id='word_1_118' title='bbox 437 1415 635 1463; x_wconf 89' lang='lat' dir='ltr'>buchine</span> <span class='ocrx_word' id='word_1_119' title='bbox 669 1431 775 1462; x_wconf 91' lang='lat' dir='ltr'>cum</span> <span class='ocrx_word' id='word_1_120' title='bbox 803 1416 896 1462; x_wconf 91' lang='lat' dir='ltr'>suis</span> <span class='ocrx_word' id='word_1_121' title='bbox 923 1433 945 1461; x_wconf 91' lang='lat' dir='ltr'>a</span> <span class='ocrx_word' id='word_1_122' title='bbox 975 1415 1082 1461; x_wconf 86' lang='lat' dir='ltr'>villa</span> <span class='ocrx_word' id='word_1_123' title='bbox 1104 1414 1325 1478; x_wconf 86' lang='lat' dir='ltr'>jamdicta</span> <span class='ocrx_word' id='word_1_124' title='bbox 1347 1413 1483 1460; x_wconf 87' lang='lat' dir='ltr'>valde</span> <span class='ocrx_word' id='word_1_125' title='bbox 1509 1430 1645 1460; x_wconf 87' lang='lat' dir='ltr'>mane</span> 
     </span>
     <span class='ocr_line' id='line_1_17' title="bbox 233 1491 1645 1539; baseline -0.001 0"><span class='ocrx_word' id='word_1_126' title='bbox 233 1492 425 1539; x_wconf 87' lang='lat' dir='ltr'>recessit</span> <span class='ocrx_word' id='word_1_127' title='bbox 451 1498 497 1539; x_wconf 89' lang='lat' dir='ltr'>et</span> <span class='ocrx_word' id='word_1_128' title='bbox 523 1508 704 1538; x_wconf 87' lang='lat' dir='ltr'>summa</span> <span class='ocrx_word' id='word_1_129' title='bbox 731 1507 838 1539; x_wconf 91' lang='lat' dir='ltr'>cum</span> <span class='ocrx_word' id='word_1_130' title='bbox 865 1492 1157 1539; x_wconf 88' lang='lat' dir='ltr'>festinatione</span> <span class='ocrx_word' id='word_1_131' title='bbox 1178 1507 1342 1538; x_wconf 91' lang='lat' dir='ltr'>versus</span> <span class='ocrx_word' id='word_1_132' title='bbox 1366 1491 1568 1538; x_wconf 91' lang='lat' dir='ltr'>Parisius</span> <span class='ocrx_word' id='word_1_133' title='bbox 1594 1496 1645 1538; x_wconf 93' lang='lat' dir='ltr'>ut</span> 
     </span>
     <span class='ocr_line' id='line_1_18' title="bbox 231 1567 1640 1631; baseline -0.001 -15"><span class='ocrx_word' id='word_1_134' title='bbox 231 1569 297 1616; x_wconf 91' lang='lat' dir='ltr'>ibi</span> <span class='ocrx_word' id='word_1_135' title='bbox 332 1568 564 1616; x_wconf 87' lang='lat' dir='ltr'>inveniret</span> <span class='ocrx_word' id='word_1_136' title='bbox 594 1568 761 1615; x_wconf 91' lang='lat' dir='ltr'>ducem</span> <span class='ocrx_word' id='word_1_137' title='bbox 792 1568 1064 1631; x_wconf 86' lang='lat' dir='ltr'>Acquitanie</span> <span class='ocrx_word' id='word_1_138' title='bbox 1096 1574 1345 1630; x_wconf 84' lang='lat' dir='ltr'>antequam</span> <span class='ocrx_word' id='word_1_139' title='bbox 1381 1567 1640 1623; x_wconf 86' lang='lat' dir='ltr'>recederet,</span> 
     </span>
     <span class='ocr_line' id='line_1_19' title="bbox 233 1643 1643 1708; baseline -0.001 -16"><span class='ocrx_word' id='word_1_140' title='bbox 233 1645 480 1708; x_wconf 84' lang='lat' dir='ltr'>equitavit,</span> <span class='ocrx_word' id='word_1_141' title='bbox 519 1645 790 1707; x_wconf 90' lang='lat' dir='ltr'>intransque</span> <span class='ocrx_word' id='word_1_142' title='bbox 828 1644 1053 1699; x_wconf 87' lang='lat' dir='ltr'>Parisius,</span> <span class='ocrx_word' id='word_1_143' title='bbox 1091 1643 1218 1706; x_wconf 89' lang='lat' dir='ltr'>quod</span> <span class='ocrx_word' id='word_1_144' title='bbox 1258 1643 1383 1690; x_wconf 91' lang='lat' dir='ltr'>idem</span> <span class='ocrx_word' id='word_1_145' title='bbox 1419 1643 1514 1691; x_wconf 81' lang='lat' dir='ltr'>dux</span> <span class='ocrx_word' id='word_1_146' title='bbox 1549 1643 1643 1707; x_wconf 86' lang='lat' dir='ltr'>jam</span> 
     </span>
     <span class='ocr_line' id='line_1_20' title="bbox 233 1720 1074 1783; baseline -0.002 -14"><span class='ocrx_word' id='word_1_147' title='bbox 233 1728 507 1778; x_wconf 86' lang='lat' dir='ltr'>recesserat,</span> <span class='ocrx_word' id='word_1_148' title='bbox 539 1739 564 1767; x_wconf 89' lang='lat' dir='ltr'>a</span> <span class='ocrx_word' id='word_1_149' title='bbox 588 1720 871 1783; x_wconf 90' lang='lat' dir='ltr'>quibusdam</span> <span class='ocrx_word' id='word_1_150' title='bbox 897 1720 1074 1767; x_wconf 86' lang='lat' dir='ltr'>didicit.</span> 
     </span>
    </p>

    <p class='ocr_par' dir='ltr' id='par_1_4' title="bbox 232 1795 1645 2150">
     <span class='ocr_line' id='line_1_21' title="bbox 298 1795 1645 1859; baseline -0.001 -16"><span class='ocrx_word' id='word_1_151' title='bbox 298 1801 424 1844; x_wconf 90' lang='lat' dir='ltr'>Tunc</span> <span class='ocrx_word' id='word_1_152' title='bbox 449 1797 548 1843; x_wconf 89' lang='lat' dir='ltr'>sine</span> <span class='ocrx_word' id='word_1_153' title='bbox 571 1813 704 1843; x_wconf 86' lang='lat' dir='ltr'>mora</span> <span class='ocrx_word' id='word_1_154' title='bbox 728 1796 884 1843; x_wconf 90' lang='lat' dir='ltr'>villam</span> <span class='ocrx_word' id='word_1_155' title='bbox 912 1796 1231 1859; x_wconf 89' lang='lat' dir='ltr'>pertransiens</span> <span class='ocrx_word' id='word_1_156' title='bbox 1264 1802 1310 1843; x_wconf 91' lang='lat' dir='ltr'>et</span> <span class='ocrx_word' id='word_1_157' title='bbox 1341 1813 1390 1843; x_wconf 91' lang='lat' dir='ltr'>se</span> <span class='ocrx_word' id='word_1_158' title='bbox 1422 1795 1645 1843; x_wconf 85' lang='lat' dir='ltr'>festinans</span> 
     </span>
     <span class='ocr_line' id='line_1_22' title="bbox 232 1873 1645 1936; baseline -0.001 -16"><span class='ocrx_word' id='word_1_159' title='bbox 232 1879 458 1936; x_wconf 87' lang='lat' dir='ltr'>quantum</span> <span class='ocrx_word' id='word_1_160' title='bbox 473 1890 621 1936; x_wconf 89' lang='lat' dir='ltr'>equus</span> <span class='ocrx_word' id='word_1_161' title='bbox 642 1878 828 1936; x_wconf 88' lang='lat' dir='ltr'>poterat</span> <span class='ocrx_word' id='word_1_162' title='bbox 843 1878 1020 1920; x_wconf 85' lang='lat' dir='ltr'>trotare</span> <span class='ocrx_word' id='word_1_163' title='bbox 1039 1873 1141 1936; x_wconf 75' lang='lat' dir='ltr'>(sie)</span> <span class='ocrx_word' id='word_1_164' title='bbox 1163 1879 1209 1920; x_wconf 90' lang='lat' dir='ltr'>et</span> <span class='ocrx_word' id='word_1_165' title='bbox 1224 1873 1301 1936; x_wconf 92' lang='lat' dir='ltr'>qui</span> <span class='ocrx_word' id='word_1_166' title='bbox 1320 1889 1426 1920; x_wconf 88' lang='lat' dir='ltr'>cum</span> <span class='ocrx_word' id='word_1_167' title='bbox 1443 1890 1498 1920; x_wconf 92' lang='lat' dir='ltr'>eo</span> <span class='ocrx_word' id='word_1_168' title='bbox 1513 1879 1645 1919; x_wconf 89' lang='lat' dir='ltr'>erant</span> 
     </span>
     <span class='ocr_line' id='line_1_23' title="bbox 232 1948 1643 2012; baseline 0.001 -18"><span class='ocrx_word' id='word_1_169' title='bbox 232 1955 340 2011; x_wconf 90' lang='lat' dir='ltr'>post</span> <span class='ocrx_word' id='word_1_170' title='bbox 363 1964 487 2004; x_wconf 90' lang='lat' dir='ltr'>eum,</span> <span class='ocrx_word' id='word_1_171' title='bbox 513 1948 677 1995; x_wconf 91' lang='lat' dir='ltr'>melius</span> <span class='ocrx_word' id='word_1_172' title='bbox 695 1964 834 2010; x_wconf 90' lang='lat' dir='ltr'>quam</span> <span class='ocrx_word' id='word_1_173' title='bbox 858 1954 1074 2011; x_wconf 85' lang='lat' dir='ltr'>poterant</span> <span class='ocrx_word' id='word_1_174' title='bbox 1094 1950 1248 2012; x_wconf 90' lang='lat' dir='ltr'>ipsum</span> <span class='ocrx_word' id='word_1_175' title='bbox 1271 1954 1537 2011; x_wconf 86' lang='lat' dir='ltr'>sequentes,</span> <span class='ocrx_word' id='word_1_176' title='bbox 1559 1965 1643 2011; x_wconf 91' lang='lat' dir='ltr'>pre</span> 
     </span>
     <span class='ocr_line' id='line_1_24' title="bbox 232 2025 1643 2088; baseline 0 -16"><span class='ocrx_word' id='word_1_177' title='bbox 232 2025 398 2072; x_wconf 91' lang='lat' dir='ltr'>ceteris</span> <span class='ocrx_word' id='word_1_178' title='bbox 416 2025 515 2088; x_wconf 89' lang='lat' dir='ltr'>ipse</span> <span class='ocrx_word' id='word_1_179' title='bbox 536 2025 701 2072; x_wconf 87' lang='lat' dir='ltr'>fortius</span> <span class='ocrx_word' id='word_1_180' title='bbox 718 2030 763 2072; x_wconf 91' lang='lat' dir='ltr'>et</span> <span class='ocrx_word' id='word_1_181' title='bbox 781 2025 978 2072; x_wconf 91' lang='lat' dir='ltr'>celerius</span> <span class='ocrx_word' id='word_1_182' title='bbox 993 2025 1235 2088; x_wconf 85' lang='lat' dir='ltr'>equitavit,</span> <span class='ocrx_word' id='word_1_183' title='bbox 1254 2025 1300 2071; x_wconf 93' lang='lat' dir='ltr'>in</span> <span class='ocrx_word' id='word_1_184' title='bbox 1321 2031 1500 2072; x_wconf 89' lang='lat' dir='ltr'>tantum</span> <span class='ocrx_word' id='word_1_185' title='bbox 1517 2026 1643 2088; x_wconf 89' lang='lat' dir='ltr'>quod</span> 
     </span>
     <span class='ocr_line' id='line_1_25' title="bbox 232 2101 1642 2150; baseline 0 -2"><span class='ocrx_word' id='word_1_186' title='bbox 232 2107 471 2150; x_wconf 89' lang='lat' dir='ltr'>assecutus</span> <span class='ocrx_word' id='word_1_187' title='bbox 505 2107 577 2148; x_wconf 90' lang='lat' dir='ltr'>est</span> <span class='ocrx_word' id='word_1_188' title='bbox 607 2117 713 2148; x_wconf 89' lang='lat' dir='ltr'>eum</span> <span class='ocrx_word' id='word_1_189' title='bbox 745 2101 789 2148; x_wconf 91' lang='lat' dir='ltr'>in</span> <span class='ocrx_word' id='word_1_190' title='bbox 827 2101 992 2148; x_wconf 88' lang='lat' dir='ltr'>itinere</span> <span class='ocrx_word' id='word_1_191' title='bbox 1023 2101 1145 2149; x_wconf 85' lang='lat' dir='ltr'>inter</span> <span class='ocrx_word' id='word_1_192' title='bbox 1179 2101 1343 2150; x_wconf 91' lang='lat' dir='ltr'>Villam</span> <span class='ocrx_word' id='word_1_193' title='bbox 1375 2101 1642 2150; x_wconf 67' lang='lat' dir='ltr'>Judaicamss</span> 
     </span>
    </p>
   </div>
   <div class='ocr_carea' id='block_1_3' title="bbox 229 2230 1644 2863">
    <p class='ocr_par' dir='ltr' id='par_1_5' title="bbox 229 2230 1644 2512">
     <span class='ocr_line' id='line_1_26' title="bbox 279 2230 1644 2277; baseline 0.001 -10"><span class='ocrx_word' id='word_1_194' title='bbox 279 2232 311 2267; x_wconf 78' lang='lat' dir='ltr'>l.</span> <span class='ocrx_word' id='word_1_195' title='bbox 333 2231 434 2267; x_wconf 83' lang='lat' dir='ltr'>Jean</span> <span class='ocrx_word' id='word_1_196' title='bbox 465 2230 692 2266; x_wconf 82' lang='lat' dir='ltr'>Sans-Peur</span> <span class='ocrx_word' id='word_1_197' title='bbox 713 2231 827 2277; x_wconf 81' lang='lat' dir='ltr'>partit</span> <span class='ocrx_word' id='word_1_198' title='bbox 856 2230 902 2267; x_wconf 86' lang='lat' dir='ltr'>de</span> <span class='ocrx_word' id='word_1_199' title='bbox 930 2231 1056 2267; x_wconf 84' lang='lat' dir='ltr'>Douai</span> <span class='ocrx_word' id='word_1_200' title='bbox 1086 2231 1120 2267; x_wconf 89' lang='lat' dir='ltr'>le</span> <span class='ocrx_word' id='word_1_201' title='bbox 1151 2232 1191 2267; x_wconf 81' lang='lat'>11</span> <span class='ocrx_word' id='word_1_202' title='bbox 1222 2233 1326 2274; x_wconf 80' lang='lat' dir='ltr'>aeut,</span> <span class='ocrx_word' id='word_1_203' title='bbox 1348 2231 1427 2277; x_wconf 78' lang='lat' dir='ltr'>gita</span> <span class='ocrx_word' id='word_1_204' title='bbox 1451 2232 1485 2267; x_wconf 98' lang='grc'><strong>16</strong></span> <span class='ocrx_word' id='word_1_205' title='bbox 1510 2231 1644 2268; x_wconf 89' lang='lat' dir='ltr'>lende-</span> 
     </span>
     <span class='ocr_line' id='line_1_27' title="bbox 231 2289 1643 2337; baseline 0.001 -12"><span class='ocrx_word' id='word_1_206' title='bbox 231 2290 337 2326; x_wconf 80' lang='lat' dir='ltr'>main</span> <span class='ocrx_word' id='word_1_207' title='bbox 359 2290 381 2325; x_wconf 69' lang='lat' dir='ltr'>a,</span> <span class='ocrx_word' id='word_1_208' title='bbox 402 2289 523 2325; x_wconf 83' lang='lat' dir='ltr'>Arras</span> <span class='ocrx_word' id='word_1_209' title='bbox 543 2292 591 2325; x_wconf 77' lang='lat' dir='ltr'>ou</span> <span class='ocrx_word' id='word_1_210' title='bbox 613 2290 638 2325; x_wconf 92' lang='lat' dir='ltr'>il</span> <span class='ocrx_word' id='word_1_211' title='bbox 661 2289 841 2336; x_wconf 73' lang='lat' dir='ltr'>sejourna</span> <span class='ocrx_word' id='word_1_212' title='bbox 859 2290 1038 2337; x_wconf 83' lang='lat' dir='ltr'>jusqu&#39;au</span> <span class='ocrx_word' id='word_1_213' title='bbox 1062 2290 1117 2326; x_wconf 70' lang='lat'>14.</span> <span class='ocrx_word' id='word_1_214' title='bbox 1140 2291 1187 2326; x_wconf 85' lang='lat' dir='ltr'>Le</span> <span class='ocrx_word' id='word_1_215' title='bbox 1204 2290 1425 2326; x_wconf 82' lang='lat' dir='ltr'>lendemain</span> <span class='ocrx_word' id='word_1_216' title='bbox 1446 2290 1471 2325; x_wconf 89' lang='lat' dir='ltr'>il</span> <span class='ocrx_word' id='word_1_217' title='bbox 1494 2291 1643 2327; x_wconf 80' lang='lat' dir='ltr'>concha</span> 
     </span>
     <span class='ocr_line' id='line_1_28' title="bbox 231 2347 1638 2394; baseline 0 -11"><span class='ocrx_word' id='word_1_218' title='bbox 231 2348 253 2384; x_wconf 76' lang='grc' dir='ltr'>ἐι</span> <span class='ocrx_word' id='word_1_219' title='bbox 267 2348 503 2394; x_wconf 81' lang='lat' dir='ltr'>Bapaumes,</span> <span class='ocrx_word' id='word_1_220' title='bbox 520 2348 554 2382; x_wconf 90' lang='lat' dir='ltr'>le</span> <span class='ocrx_word' id='word_1_221' title='bbox 572 2347 614 2383; x_wconf 82' lang='grc'>16</span> <span class='ocrx_word' id='word_1_222' title='bbox 628 2347 649 2382; x_wconf 74' lang='lat' dir='ltr'>a</span> <span class='ocrx_word' id='word_1_223' title='bbox 666 2347 787 2394; x_wconf 85' lang='lat' dir='ltr'>Roye,</span> <span class='ocrx_word' id='word_1_224' title='bbox 806 2348 839 2383; x_wconf 90' lang='lat' dir='ltr'>le</span> <span class='ocrx_word' id='word_1_225' title='bbox 862 2349 902 2383; x_wconf 86' lang='lat'>17</span> <span class='ocrx_word' id='word_1_226' title='bbox 920 2347 941 2383; x_wconf 77' lang='lat' dir='ltr'>a</span> <span class='ocrx_word' id='word_1_227' title='bbox 957 2347 1434 2383; x_wconf 79' lang='lat' dir='ltr'>Pont-Sainte-Maxence</span> <span class='ocrx_word' id='word_1_228' title='bbox 1450 2347 1505 2393; x_wconf 89' lang='lat' dir='ltr'>(E.</span> <span class='ocrx_word' id='word_1_229' title='bbox 1526 2347 1638 2392; x_wconf 82' lang='lat' dir='ltr'>Petit,</span> 
     </span>
     <span class='ocr_line' id='line_1_29' title="bbox 230 2407 1641 2452; baseline -0.001 -9"><span class='ocrx_word' id='word_1_230' title='bbox 230 2409 445 2443; x_wconf 60' lang='lat' dir='ltr'>Itium-airas</span> <span class='ocrx_word' id='word_1_231' title='bbox 464 2407 505 2441; x_wconf 76' lang='lat' dir='ltr'>de</span> <span class='ocrx_word' id='word_1_232' title='bbox 525 2407 689 2452; x_wconf 72' lang='lat' dir='ltr'>Philippa</span> <span class='ocrx_word' id='word_1_233' title='bbox 710 2409 741 2442; x_wconf 76' lang='lat' dir='ltr'>le</span> <span class='ocrx_word' id='word_1_234' title='bbox 762 2407 879 2442; x_wconf 69' lang='lat' dir='ltr'>Hardz·</span> <span class='ocrx_word' id='word_1_235' title='bbox 898 2410 930 2442; x_wconf 77' lang='lat' dir='ltr'>et</span> <span class='ocrx_word' id='word_1_236' title='bbox 949 2408 991 2442; x_wconf 80' lang='lat' dir='ltr'>de</span> <span class='ocrx_word' id='word_1_237' title='bbox 1010 2408 1101 2443; x_wconf 80' lang='lat' dir='ltr'>Jean</span> <span class='ocrx_word' id='word_1_238' title='bbox 1122 2408 1343 2450; x_wconf 72' lang='lat' dir='ltr'>Sans-Peur,</span> <span class='ocrx_word' id='word_1_239' title='bbox 1362 2408 1448 2442; x_wconf 64' lang='grc' dir='ltr'>ἄασε</span> <span class='ocrx_word' id='word_1_240' title='bbox 1470 2408 1511 2441; x_wconf 80' lang='lat' dir='ltr'>cle</span> <span class='ocrx_word' id='word_1_241' title='bbox 1531 2408 1641 2442; x_wconf 79' lang='lat' dir='ltr'>Bour-</span> 
     </span>
     <span class='ocr_line' id='line_1_30' title="bbox 229 2464 532 2512; baseline -0.003 -12"><span class='ocrx_word' id='word_1_242' title='bbox 229 2476 353 2511; x_wconf 67' lang='lat' dir='ltr'>9⁰(an</span> <span class='ocrx_word' id='word_1_243' title='bbox 377 2477 411 2512; x_wconf 90' lang='lat' dir='ltr'>p.</span> <span class='ocrx_word' id='word_1_244' title='bbox 437 2464 532 2510; x_wconf 79' lang='lat'><strong>350).</strong></span> 
     </span>
    </p>

    <p class='ocr_par' dir='ltr' id='par_1_6' title="bbox 231 2523 1640 2689">
     <span class='ocr_line' id='line_1_31' title="bbox 277 2523 1639 2573; baseline 0 -14"><span class='ocrx_word' id='word_1_245' title='bbox 277 2525 311 2560; x_wconf 73' lang='lat'>2.</span> <span class='ocrx_word' id='word_1_246' title='bbox 334 2525 387 2559; x_wconf 88' lang='lat' dir='ltr'>Le</span> <span class='ocrx_word' id='word_1_247' title='bbox 416 2523 536 2560; x_wconf 81' lang='lat' dir='ltr'>mardi</span> <span class='ocrx_word' id='word_1_248' title='bbox 570 2524 610 2559; x_wconf 80' lang='lat'>18</span> <span class='ocrx_word' id='word_1_249' title='bbox 643 2525 746 2569; x_wconf 80' lang='lat' dir='ltr'>aout,</span> <span class='ocrx_word' id='word_1_250' title='bbox 775 2525 809 2559; x_wconf 86' lang='lat' dir='ltr'>le</span> <span class='ocrx_word' id='word_1_251' title='bbox 837 2524 912 2561; x_wconf 89' lang='lat' dir='ltr'>duc</span> <span class='ocrx_word' id='word_1_252' title='bbox 937 2525 983 2561; x_wconf 90' lang='lat' dir='ltr'>de</span> <span class='ocrx_word' id='word_1_253' title='bbox 1011 2525 1242 2573; x_wconf 81' lang='lat' dir='ltr'>Bourgogne</span> <span class='ocrx_word' id='word_1_254' title='bbox 1276 2536 1394 2571; x_wconf 79' lang='lat' dir='ltr'>soupu</span> <span class='ocrx_word' id='word_1_255' title='bbox 1421 2530 1458 2561; x_wconf 82' lang='lat' dir='ltr'>ct</span> <span class='ocrx_word' id='word_1_256' title='bbox 1485 2526 1565 2572; x_wconf 76' lang='lat' dir='ltr'>gita</span> <span class='ocrx_word' id='word_1_257' title='bbox 1591 2537 1639 2561; x_wconf 87' lang='lat' dir='ltr'>en</span> 
     </span>
     <span class='ocr_line' id='line_1_32' title="bbox 231 2583 1640 2630; baseline 0 -11"><span class='ocrx_word' id='word_1_258' title='bbox 231 2583 319 2619; x_wconf 85' lang='lat' dir='ltr'>effet</span> <span class='ocrx_word' id='word_1_259' title='bbox 340 2583 362 2618; x_wconf 73' lang='grc' dir='ltr'>ἐι</span> <span class='ocrx_word' id='word_1_260' title='bbox 383 2583 555 2619; x_wconf 89' lang='lat' dir='ltr'>Louvres</span> <span class='ocrx_word' id='word_1_261' title='bbox 576 2593 623 2618; x_wconf 87' lang='lat' dir='ltr'>en</span> <span class='ocrx_word' id='word_1_262' title='bbox 646 2583 792 2619; x_wconf 86' lang='lat' dir='ltr'>Parisis</span> <span class='ocrx_word' id='word_1_263' title='bbox 810 2584 1118 2630; x_wconf 78' lang='lat' dir='ltr'>(Scine-et-Oise,</span> <span class='ocrx_word' id='word_1_264' title='bbox 1136 2584 1465 2621; x_wconf 78' lang='lat' dir='ltr'>arrondissement</span> <span class='ocrx_word' id='word_1_265' title='bbox 1479 2584 1524 2620; x_wconf 92' lang='lat' dir='ltr'>dc</span> <span class='ocrx_word' id='word_1_266' title='bbox 1542 2585 1640 2621; x_wconf 86' lang='lat' dir='ltr'>Pon-</span> 
     </span>
     <span class='ocr_line' id='line_1_33' title="bbox 232 2640 1202 2689; baseline -0.001 -11"><span class='ocrx_word' id='word_1_267' title='bbox 232 2641 342 2685; x_wconf 84' lang='lat' dir='ltr'>toise,</span> <span class='ocrx_word' id='word_1_268' title='bbox 366 2647 509 2677; x_wconf 79' lang='lat' dir='ltr'>canton</span> <span class='ocrx_word' id='word_1_269' title='bbox 530 2640 574 2676; x_wconf 88' lang='grc'><strong>(16</strong></span> <span class='ocrx_word' id='word_1_270' title='bbox 597 2640 828 2677; x_wconf 77' lang='lat' dir='ltr'>Luzarches.</span> <span class='ocrx_word' id='word_1_271' title='bbox 853 2662 898 2668; x_wconf 90' lang='lat'><em>-</em></span> <span class='ocrx_word' id='word_1_272' title='bbox 920 2643 1023 2685; x_wconf 66' lang='lat' dir='ltr'><em>Jbid„</em></span> <span class='ocrx_word' id='word_1_273' title='bbox 1050 2654 1083 2689; x_wconf 90' lang='lat' dir='ltr'>p.</span> <span class='ocrx_word' id='word_1_274' title='bbox 1109 2642 1202 2687; x_wconf 77' lang='lat'>350).</span> 
     </span>
    </p>

    <p class='ocr_par' dir='ltr' id='par_1_7' title="bbox 235 2698 1642 2863">
     <span class='ocr_line' id='line_1_34' title="bbox 282 2698 1640 2746; baseline 0.001 -11"><span class='ocrx_word' id='word_1_275' title='bbox 282 2699 314 2735; x_wconf 86' lang='lat'>3.</span> <span class='ocrx_word' id='word_1_276' title='bbox 339 2698 531 2745; x_wconf 85' lang='lat' dir='ltr'>Villejuif,</span> <span class='ocrx_word' id='word_1_277' title='bbox 565 2698 698 2744; x_wconf 81' lang='lat' dir='ltr'>Seme,</span> <span class='ocrx_word' id='word_1_278' title='bbox 733 2699 1063 2737; x_wconf 82' lang='lat' dir='ltr'>arrondissement</span> <span class='ocrx_word' id='word_1_279' title='bbox 1092 2700 1136 2737; x_wconf 87' lang='lat' dir='ltr'>de</span> <span class='ocrx_word' id='word_1_280' title='bbox 1169 2700 1343 2746; x_wconf 82' lang='lat' dir='ltr'>Sceaux,</span> <span class='ocrx_word' id='word_1_281' title='bbox 1376 2699 1561 2736; x_wconf 89' lang='lat' dir='ltr'>chef-lieu</span> <span class='ocrx_word' id='word_1_282' title='bbox 1595 2699 1640 2736; x_wconf 87' lang='lat' dir='ltr'>de</span> 
     </span>
     <span class='ocr_line' id='line_1_35' title="bbox 235 2757 1642 2806; baseline 0.001 -13"><span class='ocrx_word' id='word_1_283' title='bbox 235 2763 391 2793; x_wconf 85' lang='lat' dir='ltr'>canton.</span> <span class='ocrx_word' id='word_1_284' title='bbox 418 2757 472 2793; x_wconf 86' lang='lat' dir='ltr'>Cf.</span> <span class='ocrx_word' id='word_1_285' title='bbox 504 2758 732 2794; x_wconf 84' lang='lat' dir='ltr'>Monstrelet</span> <span class='ocrx_word' id='word_1_286' title='bbox 753 2759 792 2803; x_wconf 88' lang='lat' dir='ltr'>(t.</span> <span class='ocrx_word' id='word_1_287' title='bbox 816 2759 885 2805; x_wconf 78' lang='grc' dir='ltr'>ΙΙΙ,</span> <span class='ocrx_word' id='word_1_288' title='bbox 910 2771 943 2806; x_wconf 93' lang='lat' dir='ltr'>p.</span> <span class='ocrx_word' id='word_1_289' title='bbox 970 2759 1064 2805; x_wconf 55' lang='lat'>1109),</span> <span class='ocrx_word' id='word_1_290' title='bbox 1087 2759 1180 2795; x_wconf 82' lang='lat' dir='ltr'>dont</span> <span class='ocrx_word' id='word_1_291' title='bbox 1207 2758 1374 2795; x_wconf 82' lang='lat' dir='ltr'>certains</span> <span class='ocrx_word' id='word_1_292' title='bbox 1405 2759 1642 2795; x_wconf 81' lang='lat' dir='ltr'>manuscrits</span> 
     </span>
     <span class='ocr_line' id='line_1_36' title="bbox 239 2815 718 2863; baseline 0 -11"><span class='ocrx_word' id='word_1_293' title='bbox 239 2815 506 2863; x_wconf 84' lang='lat' dir='ltr'>reproduisent</span> <span class='ocrx_word' id='word_1_294' title='bbox 526 2826 569 2852; x_wconf 88' lang='lat' dir='ltr'>ce</span> <span class='ocrx_word' id='word_1_295' title='bbox 590 2815 718 2852; x_wconf 69' lang='lat' dir='ltr'>detail.</span> 
     </span>
    </p>
   </div>
  </div>
 </body>
</html>
