1941 3294
177 280 281 327 1394]
452 283 823 316 CHRONOGRAPHlA
848 283 1002 315 REGUM
1026 282 1306 314 FRANGORUM.
1514 280 1579 316 ’113

180 385 200 410 α
232 365 499 428 pastoribus
530 363 761 427 siquidem
795 370 841 411 et
876 363 1147 411 doctoribus
1186 363 1390 410 maxime
1427 369 1579 410 totum

179 461 200 485 <x
231 442 433 489 Ecclesie
472 441 683 505 regimen
721 441 948 487 consistit.
983 440 1169 488 Faciant
1206 446 1420 503 pastores
1453 440 1581 503 quod

178 537 199 562 α
232 535 367 565 suum
397 524 484 574 est,
519 534 605 565 nos
634 523 759 564 certe
791 524 1004 565 nostrum
1037 517 1252 573 docendi,
1287 517 1324 564 si
1356 517 1581 564 Dominus

179 613 199 638 <t
230 595 461 651 annuerit,
486 595 744 642 nullatenus
765 594 1035 641 omittemus
1058 593 1284 642 officium.

243 690 263 715 <1
295 671 427 729 Quod
451 686 736 734 quamquam
762 671 886 717 omni
912 677 1125 734 ternpore
1159 686 1421 734 congruum
1448 670 1507 717 sit
1535 676 1582 718 et

177 766 197 790 <t
226 748 557 804 necessarium,
585 746 806 810 precipue
829 753 986 794 tamen
1014 747 1101 793 hoc
1126 752 1341 810 tempore
1365 763 1460 809 quo
1486 753 1581 794 tam

177 842 197 868 <z
229 825 386 872 multis
411 824 635 888 angustiis
661 824 902 887 erumpnis
926 830 972 871 et
998 823 1226 871 scandalis
1247 840 1332 887 per
1358 839 1582 870 execran-

176 919 197 944 ιι
229 900 342 947 dum
375 900 542 948 scisma
576 900 779 948 Ecclesia
813 901 1046 948 atteritur.
1082 900 1153 948 Ad
1188 900 1300 963 quid
1334 900 1459 947 enim
1497 916 1582 947 nos

176 995 195 1020 α
228 976 427 1025 docendi
447 977 683 1024 licenciam
705 978 1014 1041 suscepimus,
1039 977 1077 1023 si
1098 994 1220 1025 nunc
1240 977 1362 1024 inter
1386 983 1454 1024 tot
1473 993 1581 1041 gra-

175 1072 194 1097 «
228 1054 301 1101 via
325 1054 527 1102 Ecclesie
561 1060 608 1102 et
644 1054 754 1101 fidei
791 1054 1062 1101 discrimina
1086 1071 1111 1100 a
1139 1054 1332 1101 veritate
1371 1053 1583 1101 docenda

176 1149 195 1174 «
223 1131 474 1178 tacendum
506 1138 593 1178 est.
629 1131 807 1188 Clama,
846 1131 996 1194 inquit
1026 1131 1276 1193 Propheta,
1317 1147 1373 1178 ne
1415 1147 1578 1185 068868,

174 1225 193 1250 c<
227 1209 359 1269 quasi
392 1208 500 1254 tuba
531 1208 686 1256 eoealta
723 1223 872 1255 vocem
908 1215 1047 1254 tuam.
1087 1207 1229 1254 Movit
1261 1207 1319 1253 ad
1354 1207 1439 1253 hec
1472 1223 1582 1270 pre-

174 1302 194 1327 «
223 1289 349 1330 terea
377 1283 543 1347 prefati
569 1284 744 1331 domini
770 1284 894 1348 regis
915 1283 1185 1346 imperium,
1209 1283 1290 1346 qui
1313 1300 1397 1330 nos
1420 1283 1478 1331 ad
1501 1300 1582 1330 ex-

174 1378 195 1404 «
223 1360 492 1424 cogitandas
524 1360 832 1408 ecclesiastice
866 1360 992 1423 pacis
1026 1360 1125 1406 vias
1158 1360 1285 1423 regie
1319 1360 1581 1406 serenitatis

173 1455 193 1480 <t
225 1437 394 1494 edicto,
421 1437 547 1500 quod
570 1437 759 1484 minime
785 1436 1014 1500 preterire
1035 1435 1169 1483 nobis
1189 1436 1311 1491 licet,
1339 1435 1577 1483 excitavit.

173 1532 194 1557 «
221 1513 318 1561 Hiis
355 1514 511 1577 itaque
548 1514 740 1577 aliisque
772 1513 982 1578 pluribus
1018 1513 1277 1560 rationibus
1313 1530 1428 1577 quas
1467 1513 1577 1560 bre-

173 1609 194 1635 «
221 1590 377 1638 viandi
411 1591 560 1656 gratia
590 1591 892 1647 subticemus,
927 1590 1121 1645 inducti,
1152 1589 1405 1653 quamdam
1438 1606 1580 1654 super

173 1685 194 1710 <t
225 1684 276 1714 re
313 1667 400 1715 ista
429 1667 691 1731 epistolam,
722 1673 881 1714 utrum
913 1673 1010 1714 tam
1043 1668 1277 1714 efficacem
1310 1683 1452 1729 quam
1488 1666 1581 1713 sin-

173 1763 193 1787 «
222 1760 330 1791 cero
347 1744 565 1807 fidelique
583 1744 749 1791 affectu
767 1744 1076 1807 compositam
1097 1743 1195 1807 regi
1216 1743 1473 1791 direximus
1491 1743 1579 1806 ipsi

173 1839 193 1865 «ι
223 1827 501 1877 memorato,
537 1821 805 1868 intentionis
839 1827 997 1868 nostre
1030 1820 1075 1867 in
1110 1821 1195 1868 hac
1226 1826 1360 1883 parte
1398 1820 1579 1883 plenius

173 1918 193 1942 «ι
222 1906 268 1946 et
296 1898 487 1946 uberius
522 1898 862 1961 expressivam.
898 1900 994 1955 Que
1022 1903 1118 1945 tres
1150 1897 1398 1944 concordie
1428 1897 1523 1944 vias
1553 1914 1579 1943 a

172 1994 192 2018 α
223 1974 358 2022 nobis
389 1974 674 2038 excogitatas
707 1980 752 2021 et
784 1980 1006 2037 tanquam
1041 1973 1371 2020 comenientes
1404 1989 1579 2035 appro-

173 2072 193 2096 «
221 2051 354 2099 batas
377 2068 482 2099 cum
505 2051 599 2099 suis
622 2050 911 2115 appendiciis
935 2057 982 2098 et
1005 2050 1193 2098 motivis
1216 2050 1541 2114 complectitur
1566 2067 1576 2095 z

172 2147 192 2172 α
221 2127 372 2191 prima
403 2127 474 2174 via
507 2133 577 2174 est
610 2127 832 2175 cessionis
863 2134 941 2175 aut
971 2127 1332 2174 renunciationis
1371 2126 1578 2189 plenarie

172 2223 191 2248 (ι
221 2203 280 2251 ad
307 2203 446 2251 totale
466 2203 543 2267 jus
571 2203 680 2250 illud
707 2202 832 2266 quod
862 2202 1039 2250 habetis
1063 2203 1109 2249 in
1137 2209 1328 2266 papatu,
1362 2202 1436 2249 vel
1469 2218 1580 2265 pars

173 2300 193 2325 α
224 2280 422 2327 adversa
446 2279 704 2343 pretendit;
734 2279 936 2327 secunda
969 2286 1040 2327 est
1073 2279 1252 2327 concilii
1283 2278 1577 2343 particularis

172 2377 191 2402 (ι
224 2358 298 2404 vel
330 2358 681 2420 compromissi;
718 2357 859 2405 tercia
891 2364 962 2405 est
999 2357 1177 2405 concilii
1213 2356 1442 2421 generalis
1485 2356 1580 2403 for-

171 2453 191 2478 «
220 2434 403 2481 maliter
428 2440 507 2481 aut
529 2433 867 2496 equivalenter.

235 2532 255 2556 c(
286 2511 408 2559 Modi
429 2518 584 2558 autem
602 2511 886 2574 exsequendi
907 2511 1162 2574 quamlibet
1181 2512 1348 2558 harum
1367 2510 1567 2565 viarum,

170 2606 190 2631 <1
223 2603 329 2634 curn
351 2586 756 2651 justificationibus
783 2587 1056 2635 earumdem
1090 2590 1200 2634 satis
1230 2587 1274 2633 in
1300 2586 1421 2633 dicta
1448 2585 1573 2649 epis-

171 2684 191 2709 «
222 2664 332 2720 tola,
350 2671 574 2727 quantum
588 2664 849 2728 epistolaris
861 2665 1124 2728 patiebatur
1135 2663 1364 2728 angustia,
1381 2678 1578 2725 expres-

171 2760 191 2785 «
224 2741 261 2788 si
288 2748 413 2799 sunt,
440 2748 486 2789 et
518 2748 673 2788 tamen
706 2741 903 2789 fortasse
930 2741 1081 2789 adhuc
1111 2742 1258 2805 magis
1293 2738 1571 2804 explicandi.

312 2827 358 2859 111
1414 2822 1434 2859 8
