1941 3294
211 277 314 324 1394]
480 280 851 313 CHRONOGRAPHIA
877 279 1030 311 REGUM
1054 278 1334 311 FRANCORUM.
1548 278 1613 315 119

213 380 233 405 α
265 360 414 423 qualis
440 376 493 407 ea
529 374 671 422 quam
703 358 939 420 loquimur
967 365 1013 404 et
1038 357 1097 404 de
1122 374 1212 420 qua
1239 358 1503 420 loquemur,
1534 360 1614 406 fic-

213 456 234 482 «
264 443 335 484 tas
360 435 694 484 assentationes
721 434 1012 497 palpancium
1034 451 1124 481 non
1154 434 1335 498 recipit.
1361 439 1458 483 Huc
1483 451 1613 483 acce-

213 533 233 558 «
265 514 381 562 dunt
395 511 673 560 diuturnitas
689 511 834 574 pestis
855 511 1131 566 scismatice,
1155 511 1227 558 cui
1248 527 1334 575 per
1353 518 1480 559 tanta
1496 518 1615 558 tem-

213 610 234 635 «
265 606 380 654 pora
416 605 508 636 non
545 587 784 635 obviatum
829 595 922 643 est,
965 588 1198 635 horrenda
1232 583 1612 651 impendenciilm

213 686 233 712 (ι
263 667 393 714 brevi
427 666 547 713 forte
580 664 906 712 scandalorum
944 665 1230 720 immanitas,
1268 665 1355 712 nisi
1394 665 1614 712 festinum

212 762 233 788 a
262 748 485 806 queratur
509 741 786 796 remedium,
811 758 902 804 que
924 742 1111 789 nociora
1132 741 1267 788 nobis
1287 748 1411 797 sunt,
1437 748 1489 789 ut
1512 757 1614 788 cre-

210 839 231 864 «
259 819 430 874 dimus,
458 825 504 864 et
526 834 584 865 ex
612 818 843 880 frequenti
864 818 1022 866 auditu
1048 825 1094 866 et
1117 818 1234 866 facili
1262 819 1527 866 futurorum
1553 836 1611 866 ex

210 915 231 941 ι(
263 896 403 943 rebus
442 894 538 958 jam
584 895 879 957 presentibus
923 895 1214 959 conjectura,
1258 912 1399 959 quam
1438 896 1614 943 Sancti-

209 993 229 1017 «
261 972 343 1019 tati
371 979 544 1026 vestre,
575 989 600 1018 a
627 988 717 1034 qua
743 971 902 1018 talium
936 972 1166 1019 malorum
1192 972 1501 1020 consideratio
1528 989 1613 1035 per

210 1070 231 1095 α
262 1049 401 1097 falsos
432 1048 697 1096 adulatores
724 1055 768 1095 et
795 1048 1022 1096 scismatis
1049 1049 1305 1097 nutritores
1331 1056 1471 1112 atque
1502 1066 1614 1097 con-

210 1146 231 1171 «
261 1126 518 1173 tinuatores
544 1124 786 1172 avertitur.

274 1223 293 1247 a
326 1204 423 1259 Que
453 1202 489 1248 si
517 1218 636 1264 eque
666 1201 910 1249 nobiscum
942 1202 1185 1260 sentirent,
1221 1219 1313 1249 non
1344 1203 1388 1249 in
1417 1202 1612 1250 dubium

207 1299 228 1324 α
260 1279 505 1334 vertimur,
540 1295 626 1324 vos
658 1278 763 1325 huic
792 1278 1035 1325 tremende
1066 1280 1199 1343 plage
1233 1279 1291 1326 de
1322 1280 1458 1326 celeri
1496 1280 1613 1326 anti—

207 1376 228 1401 «
260 1356 372 1403 doto
405 1355 723 1418 provisurum.
760 1355 948 1402 Accedit
976 1355 1168 1417 insuper
1191 1355 1611 1403 ecclesiasticorum

206 1452 226 1478 cx
258 1449 378 1496 pene
411 1431 620 1478 omnium
651 1431 863 1478 virorum
897 1431 1272 1495 simpliciumque
1299 1432 1609 1479 litteratorum

206 1529 226 1554 α
258 1526 312 1556 ac
338 1508 649 1572 plurimorum
669 1509 845 1555 clamor
870 1515 916 1554 et
937 1508 1227 1570 querimonia
1253 1508 1504 1556 adversum
1526 1525 1612 1555 nos

207 1606 227 1631 (ι
259 1603 440 1634 necnon
475 1586 726 1633 adversum
764 1592 977 1648 pastores
1012 1586 1230 1642 Ecclesie,
1269 1585 1396 1648 quod
1435 1585 1610 1633 tamdiu

205 1681 226 1707 «
258 1662 401 1710 cladis
424 1662 560 1726 hujus
580 1661 902 1709 detestandam
930 1662 1184 1724 perniciem
1210 1662 1408 1709 radicari
1434 1669 1480 1710 et
1505 1678 1612 1709 coa-

206 1758 226 1783 «
257 1739 431 1786 lescere
458 1738 634 1785 nefario
657 1737 846 1785 silencio
871 1739 996 1800 passi
1023 1755 1200 1786 sumuS.

270 1834 291 1859 a
322 1815 413 1862 Sed
446 1830 532 1877 per
558 1830 642 1861 vos
668 1821 714 1860 et
738 1831 824 1877 per
853 1821 1065 1877 pastores
1091 1816 1350 1863 antedictos
1377 1817 1519 1863 finem
1540 1816 1610 1863 his

203 1913 224 1937 <t
256 1893 388 1939 malis
417 1891 595 1954 imponi
621 1891 978 1953 exoptabamus,
1016 1899 1065 1939 ut
1091 1892 1213 1939 unde
1247 1892 1441 1939 morbus
1474 1909 1610 1955 cepe-

203 1990 223 2015 «
254 1976 344 2026 rat,
362 1968 472 2015 inde
493 1985 681 2031 quoque
700 1968 927 2015 medicina
949 1969 1169 2016 oriretur.
1191 1972 1340 2027 Quare
1361 1970 1604 2033 ignoscite,

202 2066 222 2091 α
255 2049 408 2101 Pater,
455 2045 680 2109 ignoscite
720 2045 758 2091 si
796 2045 909 2108 quid
949 2045 1106 2092 forsan
1146 2046 1358 2109 asperius
1396 2054 1442 2093 et
1480 2046 1607 2109 quod

202 2142 223 2166 <t
254 2122 407 2169 minus
441 2122 719 2185 placiturum
751 2122 982 2185 aliquibus
1017 2129 1133 2177 erat,
1175 2124 1220 2170 in
1258 2140 1308 2171 re
1347 2124 1432 2171 hac
1467 2124 1608 2171 locuti

203 2218 222 2243 (ι
256 2215 434 2246 sumus.
474 2201 573 2245 Non
609 2215 667 2245 ex
708 2198 816 2246 odio
857 2199 1013 2262 aliquo
1054 2201 1316 2264 malignove
1354 2208 1601 2264 conceptu,

201 2295 221 2319 α
253 2278 400 2322 Deum
426 2281 669 2331 testamur,
693 2275 773 2322 sed
801 2292 859 2323 ex
886 2277 982 2323 zelo
1002 2277 1263 2325 vehementi
1290 2278 1494 2325 Ecclesie
1520 2278 1604 2325 hec

200 2373 220 2398 α
251 2353 469 2400 veniunt!
506 2353 552 2399 Si
591 2352 819 2417 indigeste
851 2354 996 2401 eciam
1029 2355 1272 2418 quippiam
1298 2362 1376 2403 aut
1409 2355 1599 2410 insulse,

197 2449 217 2474 α
250 2429 377 2492 quod
410 2428 572 2477 sedulo
598 2430 775 2477 cavisse
803 2431 1037 2487 novimus,
1071 2431 1370 2487 dixissemus,
1407 2439 1603 2495 propter

198 2526 218 2551 α
249 2522 355 2554 eum
405 2512 561 2552 tamen
606 2506 776 2563 zelum,
825 2524 966 2570 quem
1015 2509 1267 2565 habemus,
1316 2508 1602 2571 parcendum

198 2602 218 2626 α
252 2582 386 2629 nobis
431 2582 601 2637 fuerat,
642 2600 725 2630 nec
769 2600 1010 2632 sermones
1050 2585 1196 2633 nostri
1240 2602 1324 2649 per
1363 2585 1602 2632 sinistrum

199 2679 219 2704 (ι
252 2659 558 2723 interpretem
582 2660 626 2706 in
653 2659 936 2709 deteriorem
959 2668 1142 2725 partem
1158 2662 1496 2724 detorquendi,
1524 2670 1603 2710 aut

202 2755 221 2779 a
254 2736 532 2784 contumelie
560 2737 692 2785 nobis
719 2744 915 2801 propter
940 2755 1045 2786 eam
1071 2756 1257 2787 causam
1288 2740 1435 2804 ingeri
1461 2739 1604 2788 debe-
