1941 3294
283 226 350 263 266
558 229 925 261 CHRONOGRAPHIA
950 228 1102 260 REGUM
1126 228 1402 260 FRANCORUM.
1574 225 1678 271 [1405

285 325 305 351 <x
336 305 469 369 regni
501 305 720 354 decanus.
755 321 911 351 comes
942 303 1152 350 Flandrie
1184 309 1230 350 et
1260 303 1478 360 Arthesii‚
1513 310 1561 351 et
1591 321 1678 368 ego

283 402 303 427 (ι
334 381 609 436 Anthemius,
636 396 794 427 comes
816 381 874 427 de
900 379 1029 428 Retel
1051 384 1099 425 et
1121 381 1395 427 castellanus
1416 379 1473 427 de
1493 380 1672 436 Insulis‚

282 477 303 502 ι(
335 464 380 505 et
394 474 480 521 ego
497 457 753 520 Philippus,
771 472 927 503 comes
940 455 1237 503 Nivernensis
1253 463 1299 502 et
1314 456 1428 502 baro
1444 455 1502 502 de
1515 456 1672 503 Douzi.

283 554 302 579 <1
333 539 388 582 Et
411 534 602 581 ulterius
621 549 848 580 consensu
869 531 1056 579 domine
1081 539 1238 579 nostre
1266 532 1426 595 regine
1446 532 1676 579 omnium-

281 629 300 654 «
333 627 423 673 que
443 610 501 657 de
527 609 749 673 sanguine
776 607 905 671 regio
931 607 1280 655 matrimonium
1300 614 1591 655 contractum
1607 614 1678 655 est

281 704 300 729 α
333 686 453 732 inter
464 684 704 732 dominum
719 683 884 730 ducem
896 681 1182 744 Aequitanie,
1200 683 1472 746 dalphinum
1482 682 1673 739 Vienne,

281 780 300 805 <‹
332 761 477 808 filium
513 767 723 808 vestrum
765 758 1130 821 primogenitum
1167 765 1214 805 et
1247 759 1388 806 filiam
1421 759 1512 805 mei
1548 758 1679 806 ducis

280 855 300 880 c<
331 836 599 900 Burgundie
636 840 683 882 et
720 834 866 881 eciam
903 834 1024 881 inter
1057 834 1292 882 dominam
1329 835 1386 881 de
1421 834 1673 891 Charolois,

279 932 298 957 (ι
332 913 471 959 filiam
493 917 714 967 vestram,
736 917 780 957 et
800 910 1079 974 Philippum,
1101 911 1321 958 comitem
1341 911 1398 958 de
1420 911 1673 967 Charolois,

280 1008 299 1033 a
330 988 475 1035 filium
496 1004 677 1043 meum;
701 1003 755 1034 ac
769 987 914 1034 eciam
934 993 1148 1034 tenemur
1161 993 1384 1050 precepto
1404 987 1550 1050 patris
1571 1004 1678 1034 nos-

279 1084 298 1109 «
330 1064 407 1121 tri,
438 1064 517 1126 qui
544 1065 664 1110 circa
694 1064 836 1110 finem
861 1064 956 1110 vite
982 1080 1067 1110 nos
1094 1063 1370 1126 promittere
1388 1062 1526 1126 jussit
1550 1063 1676 1126 quod

280 1161 298 1185 a
331 1157 440 1204 erga
460 1157 545 1187 vos
566 1146 612 1187 et
631 1156 828 1204 regnum
847 1146 1055 1187 vestrum
1072 1139 1344 1187 fidelitatem
1361 1140 1677 1186 omnimodam

279 1237 298 1261 «
334 1233 649 1273 servaremus,
679 1216 806 1279 quod
833 1216 1089 1279 adimplere
1120 1216 1335 1279 cupimus
1367 1215 1558 1280 singulis
1583 1216 1680 1263 die-

278 1314 296 1338 «
330 1294 417 1341 hus
430 1294 523 1341 vite
544 1299 727 1349 nostre3
751 1298 797 1339 et
818 1310 874 1340 ne
895 1292 1143 1356 sepedictis
1165 1292 1428 1356 ligamentis
1448 1292 1679 1340 contraire

282 1390 300 1414 «
330 1371 437 1417 ficta
455 1369 818 1417 dissimulatione
836 1369 1080 1416 videamur
1099 1374 1144 1416 et
1166 1385 1223 1415 ne
1243 1369 1448 1415 divinam
1469 1368 1679 1432 indigna-

279 1465 298 1490 «
329 1446 504 1493 tionem
517 1445 807 1492 incurramus
822 1445 1137 1492 necessarium
1152 1444 1286 1491 nobis
1303 1444 1486 1491 videtur
1499 1444 1557 1491 ad
1570 1460 1679 1508 pre-

279 1542 298 1566 «
330 1522 562 1569 dictorum
602 1521 997 1583 complementum
1040 1537 1094 1567 ea
1134 1521 1269 1567 vobis
1309 1520 1544 1567 declarare
1588 1536 1678 1582 que

278 1616 298 1640 α
329 1602 490 1642 contra
516 1600 726 1642 vestrum
762 1601 808 1641 et
839 1595 971 1657 regni
996 1594 1143 1641 vestri
1177 1593 1440 1656 profectum
1466 1599 1512 1639 et
1534 1593 1701 1659 hono--

276 1767 295 1792 c<
328 1747 399 1794 cio
424 1747 646 1810 precipue
672 1746 985 1794 continentur.

299 1870 305 1876 ,
341 1844 361 1868 c<
394 1824 601 1871 Primum
615 1823 739 1870 enim
753 1823 900 1887 tangit
913 1838 1167 1886 personam
1180 1827 1386 1869 vestram
1400 1840 1411 1879 3
1428 1838 1535 1869 nam
1548 1821 1679 1885 prius

277 1920 296 1945 «
329 1907 376 1948 et
396 1906 557 1963 postea
571 1916 712 1962 quam
731 1900 816 1946 hac
836 1900 1104 1946 infirmitate
1119 1917 1211 1962 qua
1231 1916 1324 1946 non
1345 1900 1495 1946 solum
1514 1915 1680 1962 grava-

278 1996 298 2021 «
330 1976 460 2032 mini,
488 1975 569 2023 sed
591 1976 738 2023 eciam
757 1975 898 2022 corda
920 1992 1006 2023 vos
1025 1975 1321 2039 diligencium
1348 1992 1432 2039 pre
1451 1975 1614 2022 dolore
1633 1982 1680 2022 et

277 2073 295 2097 ε(
328 2053 454 2101 tedio
476 2059 771 2115 torquentur,
790 2053 836 2099 in
859 2052 1061 2100 consiliis
1079 2053 1248 2100 vestris
1268 2052 1410 2100 multa
1429 2069 1539 2116 sepe
1559 2057 1678 2099 trac-

277 2149 297 2174 «
327 2136 422 2177 tata
442 2135 547 2176 sunt
568 2134 729 2175 contra
746 2135 957 2176 vestrum
977 2129 1204 2175 honorem
1222 2135 1268 2175 et
1285 2128 1546 2191 profectum
1567 2128 1678 2175 boni

277 2226 297 2251 c<
329 2206 512 2253 fictione
523 2205 727 2252 colorata
739 2205 882 2252 multa
892 2204 1027 2252 vobis
1038 2204 1416 2251 irrationabiliter
1427 2210 1651 2267 petuntur
1663 2223 1674 2261 ς

277 2302 296 2327 <‹
328 2298 530 2345 quorum
542 2281 744 2344 quedam
755 2297 861 2328 cum
872 2281 976 2328 licet
987 2281 1216 2337 refutetis,
1230 2281 1399 2328 vestris
1411 2281 1680 2344 responsio-

278 2379 297 2404 «
331 2360 466 2406 nibus
492 2376 517 2405 a
545 2357 825 2421 quibusdam
851 2357 909 2404 de
942 2357 1133 2404 consilio
1159 2363 1318 2404 vestro
1351 2357 1488 2404 datur
1515 2373 1678 2404 sensus

279 2456 297 2480 «
331 2443 597 2492 extraneus,
615 2435 661 2482 in
681 2440 860 2482 tantum
881 2434 1008 2497 quod
1028 2435 1172 2497 petita
1192 2435 1477 2481 obtinentur.
1495 2438 1674 2490 Vestes,

278 2532 297 2556 c<
323 2512 489 2576 jocalia
516 2517 654 2574 atque
680 2528 792 2558 vasa
817 2527 909 2558 non
931 2511 1112 2558 habetis
1142 2518 1282 2574 prout
1311 2515 1518 2558 vestrum
1545 2510 1678 2557 decet

279 2608 297 2632 c<
330 2595 501 2636 statum
527 2588 759 2653 regalem3
785 2593 831 2634 et
862 2588 900 2635 si
929 2604 1019 2650 que
1046 2587 1270 2644 habeatis,
1301 2603 1411 2650 sepe
1434 2586 1676 2633 occasione

280 2685 299 2709 «
332 2665 513 2712 modica
537 2664 848 2714 invadiantur.
876 2667 1070 2728 Insuper
1097 2665 1239 2712 vestri
1266 2663 1519 2711 servitores
1545 2663 1676 2726 quasi
