1941 3294
209 303 313 350 1390]
482 305 852 339 CHRONOGRAPHIA
877 305 1030 338 REGUM
1055 304 1079 336 F
1081 304 1334 337 RANCORUM.
1562 300 1606 337 99

207 388 348 434 alium
373 387 431 434 ad
452 387 628 433 ferrum
654 391 841 432 acutum
868 402 955 449 pro
975 384 1222 432 hastiludio
1247 384 1511 431 armorum¹
1530 402 1541 439 ;
1563 391 1610 431 et

208 464 403 527 quilibet
429 463 596 510 nobilis
621 462 956 526 superveniens
983 461 1040 509 ad
1068 462 1185 508 hanc
1218 461 1450 524 spinetam
1478 466 1525 508 et
1551 460 1610 507 de

209 541 393 589 duobus
413 540 553 588 scutis
573 544 785 603 tangeret
808 539 934 602 quod
955 539 1094 586 vellet
1115 538 1174 585 de
1194 538 1396 600 quadam
1411 537 1610 602 virgulta

207 634 347 681 quam
369 617 431 665 ibi
450 615 771 680 reperiebatur
791 623 968 678 parata,
992 622 1036 662 et
1053 615 1244 678 quidam
1263 614 1470 662 hiraldus
1491 614 1613 662 inter

206 711 363 741 ramos
389 694 435 741 in
461 692 727 741 summitate
754 693 935 756 spinete
959 692 1140 756 positus
1165 692 1226 739 ibi
1260 698 1531 755 expectaret
1551 691 1609 738 ab

207 777 314 819 ortu
337 770 447 818 solis
474 787 622 833 usque
643 786 861 817 occasum
890 776 937 817 et
964 769 1274 833 responderet
1298 769 1485 817 cuilibet
1511 774 1612 815 tan-

205 848 333 912 genti
369 848 489 911 quis,
526 853 573 894 et
607 846 666 893 de
707 863 797 910 qua
832 846 999 910 patria,
1036 846 1115 909 qui
1159 846 1334 894 diceret
1369 846 1410 893 ei
1441 861 1612 892 nomen

205 941 359 981 suum,
397 924 598 988 patriam
624 930 671 971 et
701 940 866 988 genus,
902 929 949 970 et
975 923 1012 970 si
1044 923 1232 970 nomine
1264 929 1310 970 et
1345 922 1488 970 armis
1511 923 1613 986 ipse

205 1007 327 1049 esset
344 1001 589 1065 ingenuus.
610 1004 666 1048 Et
682 1001 756 1047 ille
780 1000 1000 1048 continuo
1022 1000 1247 1047 scriberet
1264 1000 1309 1047 in
1332 1016 1417 1047 suo
1440 999 1609 1063 papiro

204 1084 251 1125 et
270 1094 458 1142 semper
475 1077 648 1126 referet
665 1077 712 1124 in
733 1094 838 1125 sero
859 1077 918 1124 ad
938 1093 1047 1125 suos
1067 1082 1163 1124 tres
1184 1077 1434 1141 magistros
1451 1092 1612 1140 supra-

205 1154 374 1203 dictos.

269 1237 340 1287 Ad
365 1254 568 1301 quorum
593 1237 785 1301 quidem
810 1253 976 1285 cursus
1001 1237 1269 1284 lancearum
1296 1235 1612 1284 exercendum

204 1322 251 1363 et
283 1315 549 1377 hujusmodi
585 1331 826 1362 armorum
859 1314 1179 1377 predictorum
1210 1314 1473 1378 potenciam
1505 1329 1614 1375 pre-

203 1392 492 1448 tentandam,
521 1391 687 1438 infiniti
719 1391 900 1438 nobiles
932 1391 1102 1438 milites
1127 1397 1174 1438 et
1199 1390 1432 1438 domicelli
1457 1390 1614 1437 diver-

204 1485 362 1516 sarum
389 1468 636 1533 regionum
664 1486 690 1515 a
715 1485 861 1532 regno
887 1468 1077 1516 Francie
1102 1468 1311 1515 extranei
1341 1484 1397 1515 eo
1430 1467 1477 1514 in
1506 1467 1609 1514 loco

203 1551 521 1593 convenerunt
541 1551 588 1593 et
613 1545 817 1592 maxime
836 1545 1038 1609 Anglici3
1062 1545 1184 1592 inter
1204 1561 1323 1608 quos
1341 1544 1400 1592 ad
1419 1544 1612 1592 hastilu-

203 1622 427 1671 diandum
442 1629 602 1670 contra
623 1622 707 1669 hos
723 1628 821 1669 tres
839 1622 1051 1680 Gallicos,
1074 1623 1192 1669 sicut
1205 1628 1251 1669 et
1265 1622 1407 1670 ceteri
1424 1621 1612 1669 advenit

202 1716 360 1747 comes
388 1699 702 1755 Herbicensis‚
739 1699 1079 1764 primogenitus
1114 1699 1246 1747 ducis
1279 1699 1613 1747 Lincestrensis

203 1776 516 1840 supradictus,
552 1776 599 1823 in
629 1776 847 1839 proximo
878 1792 964 1823 rex
994 1776 1157 1839 Anglie
1183 1776 1384 1832 futurus,
1417 1782 1465 1823 ut
1491 1775 1612 1822 infra

203 1853 399 1911 dicetur,
425 1853 503 1916 qui
524 1853 591 1900 eis
617 1869 699 1900 sua
725 1853 953 1917 largitate,
977 1853 1112 1916 plura
1132 1858 1178 1899 et
1201 1869 1369 1917 magna
1394 1852 1612 1899 donativa

203 1929 351 1978 dedit.

267 2012 358 2060 Sed
378 2012 441 2060 hii
461 2018 557 2060 tres
579 2011 746 2060 milites
764 2012 1009 2060 memorati
1028 2012 1183 2059 taliter
1198 2017 1424 2075 tanquam
1443 2017 1612 2076 poten-

202 2095 274 2136 ter
299 2094 346 2135 et
365 2089 572 2137 virtuose
597 2089 644 2136 in
669 2089 758 2136 hoc
781 2088 995 2136 faciendo
1027 2105 1078 2136 se
1103 2089 1384 2147 habuerunt,
1414 2089 1461 2136 in
1486 2089 1611 2138 nullo

202 2165 491 2222 deficientes,
532 2165 660 2228 quod
701 2182 785 2229 pre
827 2165 925 2213 aliis
968 2165 1342 2229 quibuscumque
1382 2182 1610 2230 superve-

203 2242 436 2290 nientibus
462 2242 695 2290 extraneis
720 2249 766 2290 et
791 2243 835 2290 in
863 2243 1006 2290 armis
1032 2243 1290 2290 strenuosis
1315 2249 1362 2290 et
1387 2243 1432 2290 in
1454 2244 1613 2291 convi-

202 2318 289 2365 viis
316 2319 659 2381 profusioribus
690 2336 743 2367 ac
775 2310 910 2367 donis
940 2320 1261 2367 munificencia
1290 2319 1456 2383 prefati
1484 2320 1610 2384 regis

202 2394 369 2442 dandis
395 2395 439 2441 in
473 2395 600 2442 omni
626 2401 763 2460 gente
790 2403 837 2444 et
864 2397 1050 2444 natione
1081 2397 1230 2444 tocius
1256 2397 1611 2444 Christianitatis

202 2471 349 2519 nostri
380 2471 566 2520 laudem
597 2472 905 2536 importantes
937 2473 1306 2521 recommendati
1340 2473 1526 2521 fuerunt
1565 2481 1610 2521 ct

249 2651 282 2687 1.
304 2650 447 2688 Erreur
466 2656 505 2687 et
525 2650 728 2687 confusion
748 2651 797 2688 du
819 2652 1095 2700 chroniqueur‚
1111 2653 1176 2700 qui
1199 2654 1303 2700 parle
1326 2653 1371 2688 de
1392 2652 1492 2688 deux
1515 2653 1608 2689 ecus

203 2708 418 2746 seulement
438 2715 476 2746 et
497 2721 544 2746 en
566 2709 687 2746 decrit
710 2710 816 2746 trois.
