1941 3294
340 347 406 383 118
610 349 979 383 CHRONOGRAPHIA
1005 348 1157 380 REGUM
1181 347 1460 379 FRANCORUM.
1631 343 1736 390 [1394

343 448 363 473 ι(
395 428 553 476 cendis
578 428 788 483 venenis,
819 427 876 474 ab
899 443 954 474 eo
982 425 1181 472 libenter
1197 425 1392 472 multum
1421 424 1579 472 doceri
1598 424 1737 471 velle-

342 526 362 550 «
393 522 520 561 mus,
569 521 662 567 quo
705 504 935 551 cautiores
975 501 1086 548 alias
1120 501 1167 548 in
1213 500 1473 549 devitandis
1508 501 1736 564 anguibus

340 601 360 626 ιι
390 581 635 629 venenosis
661 588 706 627 et
731 581 926 627 tutiores
953 593 1178 625 essemus.

405 676 425 700 c<
458 659 670 704 Ceterum
706 656 779 702 illa
817 655 1011 702 forsitan
1046 670 1279 701 venenosa
1320 653 1529 718 arguitur
1563 652 1732 709 oratio,

341 753 360 778 <t
392 751 483 797 qua
509 733 556 780 in
578 733 814 780 inimicum
842 731 1074 777 hominem
1095 736 1190 777 tam
1212 731 1409 778 salubris
1430 729 1657 792 propositi
1683 746 1738 776 ac

340 830 360 855 <1
392 810 565 873 operis,
590 814 815 871 quantum
833 807 1024 870 quidem
1045 807 1091 853 in
1110 823 1158 853 se
1172 814 1289 864 erat,
1312 807 1603 854 turbatorem
1625 822 1739 869 pau-

339 887 533 933 «lulum
575 885 746 947 aliquid
791 890 838 930 et
878 900 968 930 non
1015 889 1141 930 certe
1185 900 1272 945 pro
1306 884 1373 931 rei
1419 882 1738 947 magnitudine

339 982 358 1007 <1
389 962 670 1009 inveximus.
695 959 826 1017 Quod
855 960 892 1006 si
913 959 959 1006 id
980 959 1099 1006 vicio
1123 959 1278 1016 datur,
1307 959 1437 1023 quid,
1462 974 1734 1021 quesumus,

337 1058 356 1082 ε(
390 1038 595 1085 deterius
633 1042 712 1083 aut
742 1035 890 1099 magis
922 1035 1206 1082 virulentum
1242 1041 1335 1091 est,
1373 1035 1446 1081 vel
1482 1034 1539 1081 ad
1574 1050 1737 1097 pacem

338 1135 356 1159 α
385 1114 586 1162 Ecclesie
622 1113 888 1160 laborantes
918 1111 1006 1158 viis
1038 1112 1206 1158 talibus
1243 1111 1456 1174 qualibus
1488 1111 1733 1174 impedire,

336 1211 356 1236 ε(
386 1198 524 1253 atque
542 1196 636 1237 tam
658 1197 870 1237 sanctum
887 1189 1094 1235 laborem
1114 1188 1322 1235 funditus
1342 1187 1598 1243 exinanire,
1619 1194 1739 1234 sata-

336 1287 356 1311 «
388 1284 516 1332 gere,
541 1267 613 1313 vel
635 1266 852 1313 doctores
877 1265 1078 1312 Ecclesie
1096 1264 1155 1311 ad
1176 1264 1321 1327 ipsius
1341 1263 1558 1311 unionem
1579 1279 1740 1326 perse-

336 1364 355 1388 «
389 1349 628 1390 verantem
656 1358 848 1405 operam
876 1341 1165 1404 impendere,
1196 1340 1518 1402 scismatisque
1543 1338 1740 1386 nutrito—

336 1440 356 1464 «
388 1437 490 1475 res,
531 1419 610 1482 qui
646 1435 759 1466 vere
794 1417 1040 1465 scismatici
1076 1423 1206 1473 sunt,
1246 1417 1489 1464 refellere?
1520 1415 1738 1464 Nundum

337 1517 356 1541 <x
388 1497 560 1544 veritas
598 1497 723 1559 ipsa,
766 1495 871 1542 licet
910 1495 1117 1559 graviter
1158 1511 1384 1557 oppressa
1428 1510 1575 1556 usque
1618 1493 1736 1541 adeo

335 1593 355 1618 c<
395 1573 571 1621 corruit
620 1573 666 1619 in
716 1572 903 1635 plateis,
958 1578 1008 1618 ut
1055 1572 1102 1618 in
1151 1571 1347 1618 dubium
1403 1570 1570 1617 adduci
1625 1569 1737 1617 illud

337 1669 356 1694 α
390 1655 623 1713 oporteat.

399 1745 419 1770 c(
454 1725 533 1772 Ille
566 1741 828 1771 venenosus
861 1724 1016 1787 potius
1052 1729 1151 1770 erat
1189 1723 1435 1779 dicendus,
1469 1722 1550 1785 qui
1588 1721 1739 1769 errori

335 1822 354 1846 «
387 1801 648 1849 scismatico
674 1800 852 1864 perfide
873 1799 1050 1847 heresis
1075 1799 1387 1862 suspicionem
1410 1798 1734 1853 cumulaverit,

333 1898 353 1922 <‹
386 1876 657 1926 doctoribus
678 1875 878 1923 Ecclesie
898 1881 1177 1938 perpetuum
1193 1876 1482 1922 machinatus
1495 1875 1738 1937 imponere

335 1975 354 1999 c<
384 1954 642 2008 silencium,
673 1969 757 2000 nec
791 1952 1047 2014 quidquam
1083 1951 1141 1997 de
1176 1951 1264 1997 hoc
1297 1951 1354 1998 ad
1387 1967 1468 1997 eos
1500 1951 1737 2013 pertinere

335 2050 354 2075 <t
386 2047 525 2077 ausus
549 2046 630 2076 ore
657 2028 882 2092 sacrilego
909 2044 1144 2074 evomere.
1174 2027 1253 2075 Cui
1279 2027 1452 2082 forsan,
1484 2027 1596 2074 dum
1619 2033 1738 2073 tem-

335 2127 353 2151 «
390 2123 477 2170 pus
501 2106 605 2161 erit,
627 2111 853 2168 quantum
878 2104 936 2151 ad
959 2120 1040 2151 eos
1069 2110 1265 2167 spectet,
1290 2103 1512 2157 elucebit;
1535 2104 1737 2151 Beatitu-

335 2202 354 2227 <z
389 2183 544 2230 dinem
581 2187 784 2229 vestram
820 2180 989 2227 iterum
1025 2186 1163 2243 atque
1199 2179 1370 2227 iterum
1411 2180 1455 2226 in
1500 2179 1636 2243 hujus
1671 2179 1738 2226 rei

335 2279 354 2303 «
390 2258 642 2305 vindictam
679 2257 986 2320 imploramus
1029 2273 1170 2319 quam
1203 2256 1259 2303 ad
1294 2256 1515 2303 unionem
1549 2273 1737 2319 quoque

335 2355 355 2380 (t
386 2335 604 2390 Ecclesie,
628 2351 684 2381 en
704 2349 894 2381 rursum
919 2333 1062 2380 altera
1082 2333 1180 2380 vice
1206 2332 1476 2389 instancius‚
1496 2332 1732 2388 obnixius,

335 2432 356 2457 (ς
389 2411 606 2459 humilius
646 2427 732 2474 per
772 2409 1059 2457 uberrimam
1103 2409 1270 2458 Christi
1319 2410 1559 2457 caritatem
1598 2425 1735 2470 exor-

335 2508 355 2533 ((
385 2495 556 2536 tamur.

401 2584 421 2608 <t
453 2569 508 2612 Et
532 2581 624 2611 non
648 2569 718 2610 est
744 2562 869 2625 quod
895 2562 1144 2617 miremini,
1175 2563 1255 2609 sed
1285 2563 1438 2625 potius
1463 2561 1730 2616 innoscatis,

336 2644 521 2688 «Pater
566 2640 857 2694 beatissime,
906 2639 944 2686 si
991 2639 1187 2686 fortasse
1231 2638 1550 2686 vehementius
1599 2637 1735 2685 solito

337 2737 356 2762 (ς
390 2733 530 2780 super
562 2715 880 2780 hujuscemodi
915 2715 1217 2762 rescribimus
1256 2733 1264 2761 :
1304 2715 1350 2761 in
1388 2714 1487 2761 aliis
1528 2713 1735 2761 materiis

337 2813 356 2837 (ι
392 2793 590 2840 blandiri
615 2793 902 2856 aliquatenus
929 2791 997 2838 fas
1026 2791 1182 2849 fuerit,
1213 2791 1295 2838 sed
1326 2791 1514 2838 catolica
1543 2790 1730 2847 veritas,
