1941 3294
209 261 312 307 1402]
482 264 852 297 CHRONOGRAPHIA
877 264 1030 296 REGUM
1056 263 1336 296 FRANCORUM.
1541 262 1604 299 191

206 343 329 391 idem
350 344 447 391 dux
465 343 730 407 Burgundie
748 343 854 390 fecit
870 343 1021 390 eidem
1039 343 1197 406 regine
1217 343 1474 390 maximum
1498 360 1609 391 con-

204 419 405 476 vivium3
445 436 592 482 eaque
632 419 872 476 valefacta‚
920 419 1032 466 abiit
1070 419 1116 465 in
1158 435 1294 467 suum
1334 420 1608 468 comitatum

203 496 447 543 Arthesii1.
490 500 592 543 Dux
633 511 747 543 vero
786 496 1116 543 Borboniensis
1153 496 1375 558 perduxit
1407 513 1510 544 eam
1548 496 1607 544 ad

202 578 385 635 patrem
410 579 455 620 et
481 577 678 619 matrem
703 589 835 619 suam
855 573 932 635 qui
960 577 1092 625 erant
1111 572 1329 620 Parisius.

266 649 439 697 Deinde
461 665 590 706 vero,
614 649 735 696 circa
761 652 931 697 festum
949 649 1293 712 Assumptionis
1312 649 1446 696 beate
1467 649 1606 697 Marie

200 725 400 789 Virginis
431 725 639 789 ejusdem
675 725 799 782 anni,
829 726 997 774 eodem
1028 725 1146 773 duce
1180 725 1446 789 Burgundie
1481 725 1607 772 Pari-

199 801 295 848 sius
307 802 402 866 jam
416 818 625 857 reverso,
650 802 863 849 exierunt
883 802 941 849 de
959 802 1162 849 Par-isius
1180 801 1324 849 duces
1338 801 1606 866 Burgundie

199 883 246 924 et
282 878 638 925 Aurelianensis.
681 881 888 936 Quorum
930 879 1078 941 prior,
1123 878 1416 925 ordinatione
1460 878 1602 942 regis,

198 953 311 1000 abiit
335 954 617 1001 Britanniam
644 954 702 1001 ad
730 954 1004 1017 capiendam
1031 955 1377 1018 possessionem
1407 955 1604 1002 ducatus

197 1046 256 1077 ex
279 1036 412 1093 parte
437 1030 648 1094 ejusdem
667 1031 792 1094 regis
818 1031 1054 1087 Francie2,
1079 1048 1165 1094 pro
1185 1031 1303 1078 duce
1320 1031 1438 1078 illius
1457 1037 1602 1088 terre,

197 1107 419 1154 fratribus
438 1113 483 1154 et
503 1107 745 1155 sororibus
767 1108 976 1171 ejusdem
995 1108 1075 1170 qui
1096 1108 1246 1155 adhuc
1263 1113 1396 1154 erant
1416 1108 1459 1154 in
1485 1114 1606 1155 etate

196 1183 380 1246 puerili,
402 1200 456 1230 eo
473 1184 599 1246 quod
618 1185 801 1232 ducissa
818 1183 1071 1241 Britannie‚
1090 1201 1225 1231 soror
1239 1185 1363 1248 regis
1378 1187 1602 1240 Navarre,

195 1260 477 1323 promiserat
490 1261 763 1323 desponsari
779 1261 1019 1316 Henrrico,
1034 1261 1133 1324 regi
1147 1261 1324 1324 Angfie,
1338 1278 1391 1308 ac
1404 1261 1606 1308 debebat

194 1336 484 1383 transfretari
521 1336 565 1382 in
601 1337 811 1400 Angliam
851 1336 911 1382 ad
954 1336 1324 1383 contrahendum
1365 1336 1606 1383 matrimo-

194 1428 342 1458 nium.

257 1487 385 1535 Alter
409 1503 540 1543 vero,
570 1486 743 1534 scilicet
771 1486 868 1534 dux
893 1486 1236 1534 Aurelianensis
1261 1486 1373 1533 abiit
1403 1489 1605 1534 Luxem-

193 1563 422 1628 burgum3
441 1563 499 1610 ad
519 1563 853 1611 assumendum
877 1563 1087 1627 regimen
1110 1563 1306 1611 ducatus
1328 1563 1385 1610 de
1405 1567 1604 1611 Luxem-

241 1737 274 1772 1.
298 1735 355 1772 De
375 1734 575 1780 Boulogne
596 1734 629 1769 le
652 1735 806 1781 cortege
829 1733 904 1769 alla
923 1744 973 1770 en
995 1734 1084 1770 effet
1099 1733 1120 1769 a
1136 1733 1338 1769 Abbeville
1359 1744 1408 1769 en
1428 1740 1601 1780 passant,

192 1795 227 1831 le
250 1796 302 1830 1⁶¹·
322 1796 427 1838 ausit,
448 1804 516 1840 par
537 1793 778 1838 Neufchatel,
795 1793 829 1828 le
848 1793 870 1829 2
886 1803 953 1839 par
968 1792 1374 1828 Montreuil-sur-Mer
1395 1798 1431 1828 et
1451 1792 1601 1829 Forest-

190 1852 370 1889 montier.
394 1853 446 1888 Le
474 1852 509 1897 3,
536 1852 562 1887 il
590 1851 717 1888 arriva
740 1851 763 1886 ὲ.
788 1850 992 1887 Abheville
1019 1856 1057 1887 et
1086 1851 1121 1886 le
1152 1850 1387 1895 lendemaffl,
1412 1851 1521 1897 apres
1546 1862 1602 1887 un

190 1912 300 1948 diner
319 1922 369 1947 en
390 1910 616 1958 compagnie
637 1910 682 1946 de
703 1911 740 1946 la
760 1910 866 1946 reine
887 1910 1157 1957 d'Angleterre
1179 1914 1217 1946 et
1237 1909 1286 1945 du
1311 1910 1385 1946 duc
1406 1909 1451 1946 de
1473 1910 1600 1946 Bour-

189 1970 281 2016 bon,
309 1970 344 2006 le
365 1970 438 2006 duc
459 1970 504 2005 de
524 1970 754 2016 Bourgogne
775 1969 892 2016 partit
913 1968 935 2004 a
955 1968 1078 2004 Arras
1106 1969 1161 2014 (Ε.
1186 1968 1302 2014 Petit,
1323 1970 1540 2005 Itineraz'res
1559 1971 1600 2005 de

189 2030 354 2075 Philippo
375 2032 405 2065 le
425 2029 545 2064 Hardi
564 2033 596 2064 et
615 2030 656 2064 de
675 2031 767 2064 Jean
787 2029 1015 2073 Sans-Pam,
1038 2039 1074 2074 p.
1099 2027 1166 2063 315
1187 2032 1225 2063 et
1246 2028 1342 2071 316).

238 2089 271 2124 2.
295 2088 350 2124 Le
379 2087 453 2124 duc
474 2087 519 2122 de
542 2087 773 2134 Bourgogne
801 2098 849 2123 ne
877 2097 917 2123 se
937 2087 1009 2122 mit
1030 2097 1078 2123 en
1099 2091 1207 2122 route
1228 2097 1324 2133 pour
1344 2087 1381 2122 la
1401 2086 1598 2133 Bretagne

190 2158 263 2194 que
277 2157 365 2183 vers
381 2147 414 2182 le
430 2147 472 2182 18
489 2146 706 2192 septembre
724 2146 827 2192 1402,
842 2146 930 2193 jour
944 2148 992 2182 ou
1008 2145 1035 2181 il
1053 2146 1177 2192 quitta
1198 2146 1345 2191 Melun,
1362 2146 1438 2181 alla
1458 2146 1480 2181 a
1503 2146 1596 2182 Cor-

189 2205 278 2249 heil,
308 2205 393 2251 puis
421 2205 442 2240 ὁ.
473 2204 720 2250 Marcoussis‚
748 2205 852 2241 enfin
881 2205 903 2240 a
929 2205 1125 2250 Chartres,
1155 2204 1241 2241 d'on
1271 2204 1297 2239 il
1327 2215 1452 2251 gagna
1474 2204 1595 2241 Blois.

188 2264 328 2301 Arrive
350 2264 386 2300 la
409 2264 441 2300 le
462 2264 505 2300 26
528 2264 758 2310 septembre,
780 2264 808 2300 il
835 2264 1077 2311 s'embarqua
1107 2275 1172 2300 sur
1204 2264 1240 2299 la
1269 2264 1382 2300 Loire
1403 2270 1440 2299 et
1460 2264 1553 2300 etait
1574 2265 1596 2299 a

188 2323 338 2359 Nautes
351 2323 384 2358 le
398 2323 418 2358 2
434 2322 600 2359 octobre.
614 2322 645 2358 Il
658 2333 707 2358 en
722 2324 880 2369 repartit
896 2323 930 2360 le
948 2324 988 2359 19
1003 2323 1156 2360 octobre
1171 2329 1208 2359 et
1224 2323 1350 2359 revint
1368 2323 1389 2358 a
1404 2323 1514 2358 Paris
1528 2334 1597 2369 par

189 2380 356 2426 Angers,
380 2379 580 2415 Vendome
601 2385 638 2414 et
658 2379 851 2426 Chartres,
876 2382 1138 2427 accompagne
1162 2381 1212 2416 du
1240 2380 1312 2417 duc
1333 2380 1378 2416 de
1400 2380 1594 2427 Bretagne

190 2439 246 2484 (E.
270 2439 385 2482 Petit,
409 2440 622 2474 ltino'raires
652 2440 693 2473 de
721 2440 887 2485 Philippa
916 2443 946 2476 le
972 2441 1092 2476 Hardi
1121 2444 1152 2476 et
1177 2442 1219 2476 de
1245 2442 1337 2476 Jean
1367 2439 1592 2481 Sans-Pam,

187 2508 222 2544 p.
246 2497 313 2534 329
347 2497 369 2532 ἐι
401 2497 482 2533 331.
518 2497 574 2533 Cf.
609 2496 746 2534 l'exact
776 2498 869 2534 recit
901 2497 951 2533 du
992 2498 1196 2545 Religieux
1229 2498 1274 2534 de
1308 2497 1593 2545 saint—Denys,

186 2561 214 2591 t.
237 2555 309 2601 ΙΙΙ,
331 2566 366 2602 p.
389 2555 462 2600 40).

235 2615 268 2651 3.
290 2614 344 2651 Le
374 2614 447 2651 duc
475 2613 688 2660 d’Orleans,
715 2625 784 2661 par
812 2615 924 2652 traite
957 2615 1007 2652 du
1041 2616 1083 2652 18
1116 2617 1207 2652 aont
1241 2616 1345 2660 1402,
1383 2616 1514 2663 aequit
1545 2615 1592 2652 de

186 2673 312 2720 Josse,
334 2674 504 2721 marquis
524 2673 569 2709 de
593 2673 776 2720 Moravie,
797 2674 833 2710 le
853 2673 977 2711 duche
998 2675 1043 2711 de
1057 2675 1344 2722 Luxembourg.
1364 2674 1522 2711 Charles
1538 2675 1594 2712 VI

188 2738 375 2769 reconnut
401 2743 474 2781 que
504 2738 566 2769 cet
593 2733 707 2769 achat
735 2733 827 2769 etait
859 2746 873 2767 ι
898 2745 946 2769 au
980 2733 1060 2770 cler
1091 2740 1128 2770 et
1159 2734 1314 2771 evident
1346 2735 1525 2771 honneur
1554 2739 1592 2772 et
