1941 3294
249 282 351 328 1405]
523 284 891 317 CHRONOGRAPHIA
917 284 1069 316 REGUM
1094 283 1372 329 FRANQORUM.
1579 283 1646 319 269

251 382 270 406 (ι
302 362 434 409 titulo
454 377 622 425 guerre
648 360 838 407 collecte
864 367 972 408 sunt
995 361 1040 407 in
1067 377 1214 424 regno
1235 366 1398 408 vestro
1419 366 1465 408 et
1489 367 1646 409 tamen

250 457 270 482 α
302 438 431 500 quasi
460 437 594 484 nichil
615 437 780 484 harum
801 437 1066 501 expositum
1085 443 1155 483 est
1174 436 1221 484 in
1246 454 1443 500 guerra3
1472 437 1647 485 idcirco

250 533 270 558 c<
299 513 605 562 dubitandum
636 519 706 559 est
732 529 789 560 ne
818 513 926 561 inde
951 514 1070 560 mala
1100 513 1413 575 importabilia
1438 514 1642 570 veniant,

249 609 268 633 c<
302 596 474 637 attenta
503 589 872 637 murmuratione
903 590 1031 647 cleri,
1062 589 1285 636 nobilium
1311 595 1358 636 et
1383 590 1542 653 populi
1567 591 1646 654 qui

249 686 268 710 (ι
301 684 351 714 se
371 666 647 714 unanimiter
667 672 1093 722 commoverentur,
1111 666 1238 729 quod
1258 666 1394 722 absit,
1418 667 1657 729 periculo-⁴

248 762 269 787 <t
300 760 403 791 sum
428 749 551 791 esset
583 743 686 806 plus
713 760 853 806 quam
885 743 1057 807 aliquid
1087 744 1214 805 quod
1246 743 1467 790 acciderit
1498 760 1648 806 usque

249 839 268 863 «
300 820 453 867 hodie.
485 820 702 876 Ulterius,
733 820 925 882 quilibet
951 820 1009 868 de
1036 836 1182 884 regno
1204 826 1381 876 vestro,
1406 820 1485 882 qui
1513 820 1648 868 vobis

249 915 268 940 <z
299 896 496 943 fideliter
517 896 759 952 subicitur,
787 897 925 944 debet
958 913 1047 943 non
1081 896 1317 943 modicum
1341 896 1502 944 dolere
1534 896 1646 944 dum

249 993 269 1018 <z
300 973 427 1020 videt
454 973 622 1021 talibus
651 973 802 1020 modis
832 979 982 1021 tantas
1007 973 1136 1037 regni
1168 973 1387 1036 pecunias
1411 973 1642 1036 deperire.

247 1068 267 1093 <1
298 1053 495 1112 Propter
515 1050 618 1106 hoc,
643 1049 830 1097 domine
857 1055 1016 1096 noster
1041 1049 1343 1106 nobilissime,
1367 1066 1453 1097 nos
1476 1050 1573 1113 qui,
1597 1056 1648 1097 ut

247 1145 267 1169 α
299 1126 562 1189 predictum
583 1132 670 1181 est,
694 1126 830 1174 vobis
854 1132 1034 1173 tantum
1054 1126 1333 1190 obligamur,
1359 1143 1417 1173 ne
1438 1126 1648 1174 incurra-

248 1221 266 1245 (ι
299 1218 404 1249 mus
435 1202 800 1267 indignationem
835 1201 998 1258 vestri,
1037 1201 1224 1248 domine
1268 1208 1427 1249 nostre
1465 1202 1644 1266 regine,

248 1297 267 1322 <z
300 1285 656 1342 ceterorumque
680 1278 738 1325 de
764 1278 986 1342 sanguine
1006 1284 1165 1325 vestro
1191 1278 1335 1342 regali
1361 1295 1414 1325 ac
1439 1279 1648 1326 omnium

247 1376 267 1399 <t
298 1355 505 1403 fidelium
534 1355 777 1402 hominum
811 1355 960 1402 tocius
994 1355 1125 1418 regni
1159 1355 1322 1411 vestri,
1353 1355 1530 1418 absque
1561 1356 1649 1403 hoc

248 1451 268 1476 α
299 1432 425 1494 quod
450 1448 701 1495 queramus
721 1432 920 1495 aliquem
944 1430 1150 1495 injuriari
1173 1431 1244 1477 vel
1270 1431 1457 1494 aliquod
1478 1432 1649 1495 guber-

247 1528 267 1553 «
298 1514 585 1565 namentum,
616 1508 698 1556 sed
727 1508 1052 1556 tantummodo
1080 1513 1130 1555 ut
1157 1525 1241 1556 nos
1269 1508 1470 1555 fideliter
1491 1509 1650 1572 acqui—

246 1605 265 1630 «
295 1591 474 1641 temus,
516 1585 651 1633 vobis
694 1586 947 1632 humillime
991 1585 1272 1649 suplicamus
1309 1591 1361 1632 ut
1397 1586 1644 1649 apponatis

248 1683 267 1707 «
298 1663 557 1710 remedium
587 1662 1019 1710 inconvenientibus
1053 1662 1349 1725 supradictis,
1386 1668 1438 1709 ut
1472 1663 1648 1711 vocetis

248 1759 268 1784 c<
298 1739 509 1786 homines
544 1756 636 1786 non
673 1744 915 1802 suspectos
944 1738 990 1785 in
1025 1738 1112 1785 hac
1143 1738 1336 1785 materia
1369 1744 1414 1785 et
1441 1739 1521 1802 qui
1553 1756 1647 1786 non

246 1836 265 1860 a
298 1816 511 1864 dubitent
543 1815 676 1863 vobis
707 1815 861 1862 dicere
895 1815 1158 1871 veritatem,
1187 1814 1266 1877 qui
1300 1814 1434 1862 vobis
1470 1814 1644 1862 bonum

246 1913 266 1938 ε(
296 1893 407 1941 dent
427 1893 669 1940 consilium
690 1892 816 1955 quod
836 1892 955 1939 bene
975 1891 1184 1939 breviter
1203 1891 1340 1939 detur
1362 1891 1642 1949 executioni,

245 1989 264 2014 (ς
297 1969 354 2017 ad
378 1970 504 2033 quod
524 1969 785 2017 faciendum
804 1984 1020 2032 corpora,
1045 1967 1236 2015 divicias
1253 1974 1298 2015 et
1317 1968 1492 2016 amicos
1506 1967 1641 2016 vobis

245 2067 265 2091 <x
297 2047 534 2094 offerimus
569 2052 613 2093 et
643 2045 860 2093 omnibus
889 2045 967 2108 qui
1004 2051 1200 2107 propter
1236 2044 1324 2092 hoc
1361 2044 1559 2091 fideliter
1595 2061 1643 2092 se

246 2143 265 2167 α
296 2123 531 2185 aequitare
558 2121 804 2169 voluerint.
830 2123 922 2168 Nec
947 2121 1070 2168 enim
1098 2120 1357 2184 poterimus
1380 2120 1539 2168 videre
1566 2127 1645 2168 aut

245 2219 263 2243 α
295 2199 390 2263 pati
416 2199 521 2246 talia
547 2198 920 2245 inconveniencia
946 2197 1048 2244 fieri
1074 2204 1236 2244 contra
1261 2214 1346 2244 vos
1372 2202 1418 2244 et
1443 2213 1643 2262 regnum

245 2296 265 2321 <t
297 2282 523 2323 vestrum.
547 2278 638 2322 Nec
658 2281 728 2322 est
748 2280 906 2322 nostre
929 2274 1205 2321 intencionis
1226 2274 1283 2321 ab
1306 2274 1391 2321 hac
1417 2274 1642 2337 petitione

245 2373 264 2398 ιι
296 2369 494 2409 cessare,
513 2368 755 2415 quousque
774 2351 1035 2399 remedium
1055 2351 1186 2414 prius
1206 2351 1472 2414 appositum
1487 2350 1593 2398 erit.
1618 2370 1638 2395 x>

241 2434 488 2493 Hucusque
514 2430 753 2493 exemplar
773 2429 1122 2493 supplicationis
1144 2429 1275 2478 ducis
1302 2427 1569 2492 Burgundie
1596 2434 1644 2475 et

241 2507 438 2555 fratrum
460 2507 576 2571 ejus.

305 2583 477 2631 Deinde
503 2582 705 2646 quadam
731 2582 805 2630 die
831 2599 922 2646 qua
947 2599 1031 2630 rex
1052 2599 1143 2630 non
1170 2581 1368 2629 multum
1389 2587 1490 2628 erat
1509 2580 1642 2628 solita

240 2661 506 2708 infirmitate
538 2666 773 2724 gravatus,
804 2659 912 2707 dicti
944 2660 1258 2724 supplicantes
1291 2658 1505 2705 abierunt
1536 2673 1642 2705 cum

241 2737 519 2802 quibusdam
548 2736 857 2801 principibUS,
886 2737 1157 2785 cancellario
1187 2735 1377 2783 Francie
1409 2741 1455 2782 et
1488 2735 1640 2799 primo
