1941 3294
349 242 417 279 22⁶2
626 246 993 279 CHRONOGRAPHIA
1020 245 1172 278 REGUM
1196 245 1474 279 FRANCORUM.

347 322 600 387 vulgariter
613 323 734 370 eadii
749 329 990 377 vocantur,
1013 338 1062 369 se
1076 323 1313 370 traherent
1326 323 1371 369 in
1386 323 1610 386 majorem
1628 341 1748 372 mes-

346 398 522 460 quitam
547 397 769 454 civitatis3
797 398 876 460 qui
901 397 1098 444 libenter
1123 398 1309 460 quidem
1343 398 1431 444 hoc
1460 398 1667 447 fecerunt
1695 406 1746 448 ut

344 474 405 521 hii
427 473 506 537 qui
525 474 776 521 credebant
797 474 981 531 salvari,
1007 480 1052 520 et
1072 474 1198 537 quod
1223 491 1309 537 pro
1330 474 1454 521 bono
1475 491 1638 522 eorum
1658 476 1746 523 hoc

343 544 547 597 edictum
573 551 826 598 statuisset.
850 549 942 597 Sed
963 550 1117 597 statim
1138 551 1264 613 quod
1282 554 1451 598 Temur
1470 554 1565 615 Bey
1590 552 1745 599 villam

341 625 549 683 intravit,
574 626 853 689 mesquitam
872 626 995 673 illam
1015 626 1152 690 jussit
1169 627 1352 675 incendi
1373 634 1419 674 et
1438 628 1615 690 prefate
1632 628 1747 693 legis

340 703 644 766 presbyteros
665 718 746 749 seu
774 701 929 748 cadios
954 719 1101 765 usque
1125 703 1183 750 ad
1211 720 1457 751 numerum
1477 704 1535 751 de
1561 704 1660 768 viijM
1688 705 1746 752 ad

340 779 409 825 ixM
434 795 742 842 personarum
763 778 868 842 igne
887 779 1124 834 comburi;
1147 796 1254 827 nam
1271 781 1428 843 plures
1448 780 1521 827 alii
1540 781 1585 827 in
1604 781 1746 829 modo

340 861 386 902 et
406 855 563 903 habitu
584 855 823 902 cadiorum
844 855 968 902 intus
988 872 1037 903 se
1054 862 1307 918 posuerant
1324 862 1377 904 ut
1391 862 1543 904 essent
1562 857 1742 905 salvati.

403 935 459 979 Et
479 932 637 979 dicunt
663 938 946 979 mercatores
963 933 1043 995 qui
1063 933 1109 979 in
1123 933 1222 997 ejus
1243 933 1451 980 exercitu
1470 940 1602 981 erant
1619 933 1745 996 quod

339 1008 437 1071 ipse
453 1008 577 1056 misit
591 1011 855 1056 Semercam
876 1009 1167 1073 octingentos
1183 1010 1383 1057 camelos
1397 1015 1613 1058 oneratos
1633 1010 1745 1074 lapi-

338 1084 475 1132 dibus
505 1085 729 1148 preciosis
760 1091 806 1132 et
838 1085 935 1133 aliis
968 1085 1158 1148 optimis
1192 1085 1340 1149 bagis.
1367 1089 1423 1132 Et
1454 1102 1560 1133 cum
1591 1103 1745 1134 reces-

338 1159 473 1207 sisset
498 1160 623 1216 inde,
653 1160 816 1223 petivit
838 1161 1081 1224 regionem
1105 1160 1436 1208 Baldacensem
1457 1161 1613 1225 magni
1638 1162 1746 1209 cali-

339 1237 415 1299 phi
450 1253 540 1299 que
571 1242 642 1284 est
669 1237 715 1283 in
748 1237 952 1293 Persida,
989 1242 1035 1284 et
1060 1237 1244 1285 obsedit
1269 1237 1393 1284 illam
1419 1237 1653 1285 civitatem
1686 1238 1745 1285 de

338 1312 536 1360 Baldach
560 1318 639 1360 an
666 1312 846 1360 diebus.
873 1315 987 1360 Nam
1019 1313 1094 1360 illa
1122 1313 1283 1360 civitas
1311 1314 1514 1360 maxima
1546 1319 1645 1360 erat
1671 1313 1744 1360 iti-

339 1404 450 1435 nere
479 1388 679 1435 duorum
709 1387 910 1435 dierum.
946 1391 1002 1435 Et
1032 1387 1093 1434 illi
1130 1389 1207 1452 qui
1241 1389 1364 1436 intus
1393 1395 1525 1436 erant
1557 1405 1744 1452 semper

337 1469 588 1512 tenuerunt
608 1465 734 1512 illum
760 1465 804 1511 in
829 1469 1026 1512 tractatu
1047 1481 1186 1527 quem
1206 1465 1395 1512 tandem
1412 1472 1641 1528 ruperunt
1661 1466 1703 1513 ei
1729 1483 1738 1512 :

337 1541 461 1588 unde
486 1541 632 1588 iratus
658 1541 901 1604 temptavit
927 1541 984 1587 ad
1012 1541 1289 1604 capiendum
1315 1541 1439 1588 illam
1464 1542 1526 1589 vi.
1557 1546 1613 1590 Et
1641 1549 1743 1590 tan-

338 1616 446 1664 dem
475 1617 597 1680 cepit
632 1633 734 1663 eam
772 1623 817 1663 et
849 1617 1017 1664 occidit
1048 1633 1211 1664 omnes
1240 1617 1341 1664 illos
1373 1618 1430 1664 de
1457 1617 1660 1675 civitate,
1696 1624 1742 1666 et

338 1710 476 1741 nemo
501 1694 646 1742 evasit
669 1690 879 1741 ‘mortem
904 1693 983 1756 qui
1015 1693 1073 1741 ad
1104 1693 1202 1757 ejus
1235 1694 1453 1741 noticiam
1478 1694 1737 1744 deveniret.

337 1773 462 1818 Tunc
496 1787 609 1818 voce
644 1770 932 1834 preconiaria
970 1770 1182 1834 precepit
1226 1770 1354 1833 quod
1397 1771 1552 1818 omnia
1591 1772 1740 1836 capita

336 1848 586 1895 afferentur
603 1848 647 1894 in
671 1865 761 1895 una
783 1864 948 1912 magna
976 1847 1127 1910 platea
1148 1864 1238 1911 que
1259 1853 1358 1894 erat
1385 1849 1431 1895 in
1452 1849 1607 1896 medio
1631 1849 1743 1896 civi-

336 1925 460 1982 tatis,
484 1931 530 1972 et
549 1925 611 1972 ibi
638 1925 697 1972 de
723 1925 811 1972 illis
836 1925 1066 1988 capitibus
1088 1925 1194 1972 fecit
1219 1925 1386 1972 turrim
1412 1926 1512 1973 fieri
1535 1926 1740 1989 quinque

337 2002 600 2049 cubitorum
627 2001 671 2048 in
698 2002 983 2065 quadratura
1010 2007 1252 2066 et·magne
1284 2002 1558 2059 altitudinis;
1592 2003 1741 2065 respi-

338 2079 520 2127 ciebant
548 2084 703 2126 autem
732 2079 885 2126 omnia
916 2079 990 2126 illa
1019 2080 1170 2142 capita
1198 2079 1256 2126 ad
1293 2085 1426 2127 extra
1460 2085 1507 2127 et
1538 2080 1626 2127 hoc
1658 2079 1741 2128 fuit

338 2160 464 2202 tanta
490 2155 737 2202 crudelitas
761 2154 887 2217 quod
914 2154 972 2202 de
999 2155 1134 2201 simili
1158 2172 1184 2202 a
1209 2156 1364 2203 seculo
1395 2172 1486 2203 non
1512 2162 1583 2203 est
1611 2156 1742 2204 audi-

338 2237 454 2278 tum.
496 2231 768 2293 Invenitque
805 2230 852 2276 in
888 2230 961 2277 illa
999 2230 1182 2277 civitate
1220 2230 1490 2279 innumeros
1527 2238 1739 2280 tesauros

338 2324 456 2371 quos
482 2324 645 2355 omnes
671 2306 794 2354 misit
819 2306 877 2353 ad
904 2308 1186 2354 Semercam.

403 2386 516 2432 Cum
551 2389 707 2432 autem
736 2383 894 2430 habito
928 2383 1067 2430 nobili
1101 2384 1340 2447 triumpho
1374 2384 1431 2432 de
1461 2385 1649 2433 Baizaco
1681 2385 1739 2432 ad

338 2464 533 2508 Bursam
582 2460 811 2516 venisset,
865 2459 1000 2523 aliqui
1053 2461 1263 2524 magistri
1319 2461 1433 2525 legis
1483 2461 1738 2510 Judeorum

340 2543 566 2586 venerunt
607 2536 792 2584 obviam
837 2537 900 2593 ei,
945 2536 1152 2585 dicentes
1190 2537 1317 2600 quod
1357 2554 1448 2585 non
1489 2537 1741 2586 credebant

341 2613 427 2661 nisi
457 2613 503 2660 in
535 2617 682 2660 Deum
713 2611 1081 2674 omnipotentem
1110 2619 1156 2659 et
1190 2613 1441 2661 credebant
1472 2614 1610 2660 talem
1639 2630 1741 2662 cre-

340 2690 551 2737 denciam
599 2689 783 2753 qualem
831 2689 931 2752 ipse
977 2689 1226 2746 credebat3
1276 2690 1445 2753 quibus
1497 2691 1739 2754 respondit

343 2767 467 2829 quod
494 2767 566 2813 lex
592 2782 753 2814 eorum
780 2771 878 2813 erat
905 2765 1041 2813 bona.
1072 2766 1246 2814 Deinde
1279 2767 1487 2830 precepit
1519 2768 1584 2815 eis
1612 2769 1738 2831 quod
