1941 3294
320 315 340 351 2
597 320 967 354 CHRONOGRAPHIA
992 320 1145 353 REGUM
1168 320 1447 354 FRANCORUM.
1611 317 1716 364 [1380

381 402 505 447 Tunc
540 400 667 447 venit
706 400 765 447 ad
805 416 913 447 eum
951 399 1228 449 Walrandus
1267 399 1326 447 de
1365 399 1712 463 Luxemburgo,

313 489 470 522 comes
489 475 631 524 Lineii
651 482 696 523 et
711 477 863 524 Sancti
880 475 1022 532 Pauli,
1041 492 1125 538 per
1142 476 1322 523 salvum
1338 475 1638 532 conductum,
1661 491 1715 522 ac

313 566 364 598 se
396 552 634 599 excusavit
671 552 729 599 de
770 552 1033 607 traditione,
1072 551 1109 598 si
1151 570 1242 615 qua
1280 558 1524 615 suspectus
1564 551 1715 598 fuerat

313 643 394 674 seu
437 634 676 676 accusatus
714 628 837 691 apud
874 644 1035 691 regem
1070 628 1291 676 Karolum
1329 628 1617 684 defunctum,
1655 627 1715 674 ad

311 704 543 768 singulare
562 711 795 752 certamen
822 721 871 752 se
896 710 1172 766 presentans
1191 710 1352 752 contra
1372 719 1714 767 quemcumque

310 778 368 825 de
394 779 639 826 traditione
673 780 827 842 ipsum
861 784 1186 835 accusantem3
1224 785 1271 826 et
1301 779 1483 826 nemine
1519 794 1715 842 respon-

310 854 465 911 dente,
515 855 881 903 misericorditer
920 861 1137 918 receptus
1177 860 1248 902 est
1294 855 1353 902 ad
1388 854 1712 902 excusationes

307 946 430 987 suas,
466 931 510 976 in
546 937 726 978 tantum
759 930 885 993 quod
920 930 1185 978 immediate
1217 947 1328 995 erga
1352 931 1506 995 ipsum
1538 946 1712 977 novum

305 1022 467 1069 regem
489 1023 580 1068 pax
599 1007 697 1070 ejus
718 1006 836 1054 facta
856 1012 942 1063 est,
964 1006 1276 1055 mediantibus
1296 1013 1435 1070 atque
1457 1022 1713 1070 procuran-

305 1080 428 1127 tibus
456 1082 743 1138 Wenceslao,
781 1083 898 1130 duce
931 1083 1183 1130 Brabancie
1208 1088 1254 1129 et
1289 1081 1706 1146 Luxemburgensi,

301 1157 578 1219 specialiter,
624 1159 753 1222 cujus
792 1175 962 1222 parens
1002 1165 1118 1215 erat,
1161 1159 1351 1206 domino
1386 1158 1626 1206 Couchiaci
1664 1164 1711 1204 et

301 1233 581 1295 quibusdam
607 1234 704 1282 aliis
730 1236 788 1283 de
814 1235 1088 1300 cognatione
1120 1252 1218 1291 sua,
1245 1236 1349 1282 licet
1379 1235 1710 1298 desponsasset

301 1308 534 1356 Matildem
553 1310 611 1357 de
627 1313 824 1368 Quento,
847 1328 904 1358 ex
918 1317 1050 1374 parte
1068 1312 1229 1358 matris
1243 1327 1455 1358 sororem
1472 1309 1705 1365 Richardi,

298 1385 423 1448 regis
449 1385 626 1450 Anglie,
664 1386 924 1434 inconsulto
950 1403 1061 1451 rege
1091 1387 1298 1434 Francie.
1333 1389 1491 1434 Castra
1522 1402 1709 1449 quoque

299 1460 398 1524 ejus
421 1468 468 1509 et
494 1463 645 1510 omnis
670 1469 796 1510 terra
821 1481 903 1512 sua
928 1481 1018 1528 que
1040 1464 1086 1511 in
1110 1480 1250 1511 manu
1273 1463 1399 1528 regis
1421 1468 1571 1520 erant,
1601 1461 1709 1509 red-

300 1537 395 1584 dita
421 1544 528 1585 sunt
555 1538 688 1586 sibi1.

364 1614 444 1661 Die
481 1615 605 1678 jovis
647 1616 876 1679 sequenti,
917 1615 1067 1664 tribus
1104 1615 1300 1663 statibus
1334 1615 1629 1679 congregatis
1661 1614 1707 1662 in

297 1690 474 1737 Palacio
515 1691 733 1748 Parisius,
784 1692 958 1739 scilicet
1006 1692 1344 1748 ecclesiasticis,
1388 1691 1621 1751 nobilibus
1661 1697 1708 1738 et

295 1767 526 1814 bonarum
566 1768 780 1816 villarum
825 1769 1154 1833 burgensibus,
1197 1786 1255 1816 ex
1281 1774 1414 1832 parte
1447 1767 1557 1815 dicti
1583 1767 1707 1831 regis

294 1843 478 1906 publice
515 1843 705 1892 dimisse
747 1852 854 1892 sunt
895 1861 1059 1893 omnes
1096 1845 1420 1908 impositiones
1459 1850 1508 1891 et
1539 1843 1706 1891 auxilia

291 1935 382 1981 que
420 1918 539 1965 facta
577 1919 760 1966 fuerant
795 1927 1009 1983 tempore
1044 1920 1203 1967 Karoli
1234 1919 1458 1976 defuncti,
1499 1925 1545 1966 et
1577 1918 1704 1981 quod

289 1994 490 2057 populus
510 1995 627 2042 liber
647 2002 911 2043 remaneret
929 2002 1076 2059 prout
1098 1996 1248 2042 fuerat
1269 2002 1481 2058 tempore
1502 1994 1701 2058 Philippi

289 2069 438 2116 Pulcri
465 2075 511 2116 et
531 2069 630 2133 ejus
650 2069 1115 2132 predecessoribus2.
1139 2074 1336 2134 Insuper
1357 2069 1605 2117 inhibitum
1632 2073 1703 2116 est

338 2199 369 2233 1.
396 2211 409 2231 α
428 2198 474 2233 Et
494 2198 532 2245 ly
553 2199 615 2234 fist
634 2198 656 2234 a
676 2198 799 2235 Rains
820 2199 847 2234 li
867 2199 937 2235 dus
958 2198 1003 2235 de
1024 2198 1209 2235 Braibant
1229 2209 1269 2235 sa
1293 2199 1498 2246 besongne,
1525 2203 1561 2234 et
1582 2197 1608 2233 li
1631 2197 1702 2234 dus

291 2270 306 2289 α
329 2256 522 2303 d’Ango...
543 2270 557 2291 n
578 2257 792 2302 (Froissart‚
815 2257 870 2294 ed.
897 2258 1052 2305 Kervyn
1072 2258 1118 2294 de
1144 2258 1394 2303 Lettenhove,
1411 2264 1437 2293 t.
1454 2256 1530 2303 IX,
1547 2269 1582 2304 p.
1601 2256 1694 2302 303).

294 2314 344 2349 Le
365 2314 570 2361 Religieux
599 2314 644 2351 de
674 2315 940 2362 Saint-Denys
961 2318 1000 2361 (t.
1023 2315 1054 2363 Ι,
1078 2327 1113 2363 p.
1137 2315 1192 2359 36)
1215 2327 1262 2352 ne
1290 2315 1360 2351 fait
1389 2326 1456 2362 pas
1485 2315 1652 2352 allusion
1678 2315 1700 2352 a

295 2371 582 2409 l'intervention
603 2373 653 2409 du
675 2374 747 2410 duc
768 2374 813 2410 de
835 2374 1017 2410 Brabant.

340 2431 372 2466 2.
396 2431 478 2468 Soit
498 2432 531 2468 le
556 2434 595 2469 15
623 2433 842 2469 novembre.
865 2433 1052 2470 Froissart
1085 2444 1124 2469 se
1155 2438 1302 2479 trompe
1330 2432 1459 2480 quand
1487 2432 1516 2468 il
1545 2432 1602 2468 dit
1629 2443 1702 2480 que

289 2490 379 2526 c'est
393 2491 415 2526 εὶ
431 2491 563 2527 Reims
583 2502 656 2538 que
677 2492 730 2527 les
751 2492 855 2528 aides
876 2492 1003 2527 iurent
1028 2491 1267 2538 supprimees
1289 2491 1360 2534 (ed.
1378 2492 1537 2538 Kervyn
1553 2491 1599 2527 de
1615 2491 1701 2527 Let-

289 2550 465 2596 tenhove‚
486 2556 511 2586 t.
535 2550 607 2596 IX,
631 2562 665 2597 p.
690 2551 757 2587 302
777 2557 813 2587 et
834 2551 928 2595 446).
953 2551 1004 2587 Le
1026 2551 1228 2597 Religieux
1249 2550 1295 2587 de
1317 2550 1585 2597 Saint-Denys
1608 2552 1647 2594 (t.
1664 2549 1697 2597 1,

288 2620 324 2654 p.
347 2608 401 2651 44)
425 2620 472 2644 ne
492 2608 560 2645 fait
586 2620 653 2656 pas
682 2609 848 2646 allusion
867 2610 888 2645 a
911 2620 985 2646 une
1015 2610 1174 2646 reunion
1195 2600 1340 2645 d'Etats
1361 2610 1573 2657 generaux;
1601 2608 1629 2644 il
1652 2619 1692 2644 se

291 2667 406 2703 borne
423 2668 443 2703 a
459 2674 629 2704 raconter
649 2668 935 2706 l’intervention
955 2669 1005 2704 du
1025 2669 1158 2716 prevot
1173 2669 1237 2705 des
1252 2668 1496 2715 marchands,
1511 2667 1694 2715 laquelle,

294 2725 399 2761 selon
427 2726 495 2772 lui⁷
523 2737 660 2763 amena
691 2727 727 2762 la
760 2727 1004 2774 suppression
1036 2727 1101 2763 des
1126 2727 1233 2763 aides
1261 2738 1327 2774 par
1353 2726 1620 2763 l’ordonnance
1646 2725 1697 2761 du

298 2785 340 2820 -16
361 2785 564 2822 novembre
586 2788 739 2832 (Recuec'l
759 2789 816 2822 des
839 2786 1108 2829 calonnam—es,
1133 2792 1158 2822 t.
1175 2785 1246 2832 Vl,
1268 2798 1303 2833 p.
1321 2786 1415 2832 527).
1439 2786 1511 2821 Les
1532 2786 1696 2821 Grandes
