1941 3294
325 260 389 297 196
598 262 966 295 CHRONOGRAPHIA
992 261 1144 294 REGUM
1167 260 1445 294 FRANGORUM.
1498 257 1714 304 [1400-1401

322 341 529 407 ejusdem
547 340 731 397 ducis1;
750 340 813 387 ibi
839 354 1039 401 namque
1058 338 1133 386 die
1158 339 1310 387 Sancti
1329 338 1508 387 Martini
1528 338 1721 403 hyema-

321 419 376 466 lis
403 417 657 482 sequenti2‚
687 432 910 480 magnum
936 415 1107 461 festum
1138 421 1184 462 et
1211 415 1465 480 jocundum
1498 415 1721 462 conviviis

321 501 367 542 et
396 493 653 541 hastiludiis
681 493 805 548 fecit,
842 492 888 538 in
920 507 1014 554 quo
1046 491 1232 553 plurimi
1264 492 1442 539 nobiles
1469 492 1717 538 affuerunt.

321 571 494 619 Deinde
512 571 634 617 misit
651 569 999 624 consobrinum,
1021 568 1188 615 ducem
1204 569 1394 616 Bavarie
1415 569 1719 632 Stephanum,-

321 653 503 709 patrem
529 646 686 710 regine
719 644 926 700 Francie,
957 643 1004 689 in
1035 645 1292 701 Franciam,
1323 644 1380 691 ad
1408 644 1722 708 pepigendum

322 722 457 769 fedus
490 722 611 769 inter
651 722 806 784 ipsum
843 736 1019 766 novum
1055 719 1388 783 imperatorem
1424 721 1639 777 electum,
1676 720 1721 767 in

321 814 482 862 regem
508 801 824 845 Romanorum
849 801 1142 853 coronatum,
1166 802 1213 843 et
1233 813 1394 861 regem
1419 799 1720 853 Francorum,

322 888 546 936 generum
572 887 726 929 suum,
756 871 1008 918 avunculos
1033 875 1079 917 et
1104 871 1297 918 fratrem
1325 871 1441 936 ejus.

388 949 472 1006 Qui
499 965 604 995 cum
630 948 786 995 statim
807 953 915 1010 post
934 946 1239 1010 Epiphaniam
1258 948 1436 995 Domini
1458 947 1726 995 immediate

323 1024 560 1087 sequentis
591 1023 799 1087 ejusdem
835 1022 941 1069 anni
973 1022 1176 1069 venisset
1206 1023 1455 1080 Parisiusss,
1491 1041 1516 1070 a
1548 1024 1726 1087 prefata

322 1100 482 1163 regina
508 1099 712 1156 Francie,
740 1098 833 1144 filia
859 1115 939 1145 sua
971 1097 1257 1161 prefatisque
1289 1098 1528 1145 avunculis
1559 1104 1605 1145 et
1637 1098 1728 1145 fra-

322 1182 394 1222 tre
420 1175 529 1222 dicti
558 1179 842 1222 Francorum
866 1174 990 1238 regis
1016 1173 1229 1230 ducibus,
1259 1191 1314 1221 eo
1344 1180 1456 1222 tunc
1483 1174 1587 1237 ipso
1617 1190 1728 1239 rege

323 1253 603 1310 infirmante,
629 1253 714 1300 fuit
739 1252 1002 1299 notabiliter
1019 1257 1237 1314 receptus
1261 1256 1307 1298 et
1332 1251 1727 1314 quamplurimum

324 1329 593 1376 honoratuS.
636 1329 811 1386 Quibus
847 1345 952 1376 cum
991 1344 1178 1375 causam
1214 1327 1442 1375 adventus
1480 1327 1549 1375 sui
1582 1327 1730 1391 expli-

324 1412 490 1462 casset,
520 1407 668 1452 fertur
693 1422 774 1453 eos
805 1405 1106 1468 respondisse
1134 1404 1261 1468 quod
1295 1404 1420 1451 nullo
1452 1403 1611 1461 modo,
1642 1404 1730 1451 sal-

325 1482 395 1529 vis
420 1498 585 1530 eorum
604 1481 899 1545 juramentis,
930 1486 1091 1528 contra
1116 1487 1365 1544 cognatum
1399 1497 1536 1528 suum
1569 1496 1731 1544 regem

325 1560 512 1607 Boemie
536 1559 582 1605 in
607 1575 769 1622 regem
793 1561 1110 1605 Romanorum
1130 1557 1308 1604 dudum
1329 1563 1604 1605 coronatum
1624 1573 1730 1605 cum

325 1635 450 1682 dicto
484 1651 606 1682 novo
641 1651 751 1698 rege
782 1637 1100 1682 Romanorum
1140 1633 1315 1680 nullum
1348 1638 1535 1696 pactum
1572 1633 1726 1681 iniret.

326 1711 399 1759 Sic
421 1727 534 1775 ergo
557 1716 663 1774 post
682 1726 863 1757 moram
879 1724 944 1760 XV
961 1710 1144 1758 dierum
1163 1709 1235 1756 vel
1261 1709 1463 1767 circiter,
1486 1715 1584 1757 tam
1607 1709 1733 1756 Pari-

327 1786 422 1834 sius
449 1803 590 1849 quam
622 1786 668 1833 in
699 1802 891 1834 nemore
924 1786 1201 1836 Vicenarum
1228 1801 1334 1833 cum
1365 1785 1542 1848 prefata
1573 1785 1732 1850 regina

326 1863 418 1910 filia
456 1880 537 1911 sua
575 1869 620 1911 et
649 1869 820 1926 nepote
860 1880 944 1910 suo
979 1863 1223 1926 Dalphino,
1260 1862 1386 1926 regis
1419 1862 1733 1926 primogenito

328 1940 642 1998 encheniatus,
672 1940 881 1997 recessit,
905 1946 951 1987 et
972 1956 1058 2003 per
1079 1939 1353 1995 Hanoniam,
1377 1938 1458 1986 ubi
1484 1956 1508 1986 a
1534 1943 1733 2003 cognato

329 2033 414 2064 suo
440 2017 607 2064 comite
632 2022 680 2064 et
705 2017 938 2065 comitissa
965 2016 1228 2064 Ostrevanti
1253 2016 1300 2062 in
1321 2022 1474 2063 castro
1499 2014 1733 2063 Kaisnoti4

329 2093 412 2140 fuit
436 2093 675 2157 granditer
700 2110 752 2140 ac
777 2093 1034 2156 gaudenter
1058 2093 1318 2149 festivatus,
1349 2092 1487 2139 rediit
1513 2091 1558 2138 in
1593 2095 1736 2139 Bava-

331 2169 446 2216 riam
472 2169 531 2215 ad
555 2168 845 2225 Munekam5‚
875 2168 1033 2215 villam
1055 2184 1205 2215 suam.

396 2247 541 2291 Porro
566 2243 822 2306 imperator
838 2243 916 2305 qui
944 2248 1254 2306 proposuerat
1276 2242 1582 2305 personaliter
1601 2242 1669 2290 ire
1688 2242 1735 2289 in

332 2320 660 2368 Lombardiam
685 2320 731 2367 in
762 2320 974 2384 sequenti
1000 2327 1124 2378 xum,
1154 2319 1280 2367 misit
1310 2335 1529 2384 magnam
1555 2319 1736 2382 quanti-

385 2458 415 2492 1.
437 2456 688 2503 Marguerite,
709 2455 851 2491 mariee
871 2466 920 2491 en
941 2455 1031 2492 1393
1052 2455 1074 2491 ὲ.
1094 2455 1268 2502 Charles,
1290 2455 1362 2492 duo
1383 2455 1429 2491 de
1450 2454 1646 2491 Lorraine.

384 2516 418 2551 2.
441 2516 481 2550 11
505 2514 712 2551 novembre
736 2514 842 2550 1400.

385 2574 418 2609 3.
441 2573 689 2610 C’est-a-dire
708 2574 818 2620 apres
838 2574 873 2610 le
893 2579 1198 2610 couronnement
1219 2572 1263 2609 de
1286 2572 1443 2610 Robert.

385 2634 418 2667 4.
443 2632 495 2668 Le
516 2631 711 2679 Quesnoy.

388 2691 420 2726 5.
443 2689 616 2726 Munich.
