1941 3294
325 347 388 383 116
590 349 959 382 CHRONOGRAPHIA
985 347 1137 380 REGUM
1162 346 1441 379 FRANCORUM.
1612 342 1716 389 [1394

325 449 346 474 α
375 430 550 487 nimus,
597 429 705 493 quia
744 429 840 493 jam
886 444 942 476 eo
983 432 1175 475 ventum
1215 432 1312 483 est,
1358 433 1404 474 et
1446 425 1493 472 in
1544 431 1716 473 tantam

325 525 344 550 «ι
377 505 628 569 perniciem
670 520 972 568 erroremque
1011 518 1088 549 res
1122 503 1374 566 processit,
1419 508 1471 550 ut
1508 502 1718 565 plerique

326 601 344 624 «
378 581 551 644 passim
588 587 634 627 et
679 580 861 642 publice
906 594 997 625 non
1036 585 1284 625 vereantur
1325 577 1479 624 dicere
1524 594 1532 623 ε
1576 577 1720 623 Nichil

325 677 344 701 α
378 657 568 704 omnino
594 656 850 704 curandum
875 659 990 716 quot
1013 657 1134 716 Pape
1159 654 1250 701 sint
1273 661 1318 701 et
1344 670 1435 701 non
1463 652 1604 699 modo
1627 652 1722 700 duo

326 753 346 778 «ι
378 739 457 780 aut
480 740 594 790 tres,
623 732 704 780 sed
735 732 896 778 decem
923 736 1002 777 aut
1027 729 1290 787 duodecim,
1320 746 1429 793 ymo
1455 734 1502 776 et
1528 728 1720 792 singulis

325 829 345 853 a
377 809 507 872 regni
526 808 687 872 prefici
713 823 868 871 posse,
895 806 1016 853 nulla
1040 806 1127 853 sibi
1152 806 1350 854 invicem
1376 805 1621 868 potestatis
1641 811 1721 852 aut

325 904 345 929 α
368 885 678 949 juridictionis
707 882 982 930 auctoritate
1010 882 1231 945 prelatos,
1261 882 1388 946 quod
1417 882 1463 928 in
1497 887 1723 945 quantum

326 981 345 1005 «
379 961 711 1008 detrimentum
737 965 1029 1007 sacrosancte
1057 975 1248 1006 romane
1278 959 1479 1007 Ecclesie
1506 965 1552 1006 et
1580 958 1722 1006 totius

327 1056 346 1080 «
377 1036 684 1084 ecclesiastice
708 1035 890 1099 policie‚
919 1051 1029 1098 ymo
1049 1040 1095 1081 et
1113 1034 1347 1098 religionis
1373 1034 1594 1082 catholice
1620 1050 1726 1081 ver-

327 1132 346 1157 «
376 1118 471 1176 gat,
495 1112 716 1176 judicate,
739 1119 788 1159 ut
811 1110 1149 1159 Beatitudinem
1172 1116 1377 1157 vestram
1396 1110 1603 1158 felicibus
1623 1126 1727 1157 suc-

325 1209 344 1233 «
378 1189 586 1236 cessibus
611 1188 862 1235 fecundare
888 1187 999 1234 velit
1030 1187 1237 1235 Christus
1264 1193 1309 1234 et
1338 1203 1395 1233 eo
1422 1187 1542 1250 plus,
1573 1186 1727 1248 quoad

326 1284 345 1308 a
376 1264 576 1312 Ecclesie
603 1281 684 1311 sue
709 1264 927 1311 unionem
947 1262 1111 1326 majori
1138 1262 1380 1326 diligencia
1405 1261 1724 1326 vigilaveritis.

327 1360 348 1384 α
380 1341 614 1404 Scriptum
641 1340 860 1388 Parisius.
895 1360 914 1384 1>

389 1417 561 1464 Littere
579 1417 719 1464 misse
745 1416 803 1463 ad
830 1419 1001 1479 Papam
1025 1432 1167 1478 super
1194 1416 1363 1463 unione
1391 1421 1547 1463 sancte
1570 1415 1728 1462 Matris

322 1493 524 1540 Ecclesie
549 1510 641 1540 una
664 1510 770 1540 cum
791 1493 985 1555 epistola
1011 1493 1181 1539 Karolo
1209 1495 1494 1539 Francorum
1515 1491 1614 1556 regi
1641 1507 1727 1555 per

322 1570 680 1617 Universitatem
703 1570 1010 1617 parisiensem
1035 1569 1192 1616 missa.

391 1666 411 1691 (ι
444 1647 603 1694 Paucis
632 1646 824 1703 abhinc,
863 1648 1000 1692 Pater
1028 1645 1319 1702 beatissime,
1356 1645 1521 1692 diebus
1557 1645 1731 1693 exactis

330 1743 350 1767 «ι
383 1723 518 1770 nobis
552 1723 597 1769 in
638 1729 843 1769 mentem
878 1728 1070 1769 venerat
1106 1738 1248 1785 super
1283 1720 1578 1785 procuranda
1616 1738 1732 1785 pace

329 1819 348 1843 α
381 1799 584 1846 desolate
607 1799 703 1862 jam
724 1799 901 1846 tamdiu
928 1815 1013 1861 per
1037 1799 1125 1845 hoc
1151 1798 1291 1845 ferale
1320 1798 1486 1846 scisma
1510 1797 1728 1852 Ecclesie,

328 1895 348 1919 ε(
379 1875 657 1922 Beatitudini
682 1882 835 1922 vestre
862 1875 1040 1922 litteras
1067 1875 1348 1922 hortatorias
1372 1875 1594 1931 scribere,
1619 1891 1734 1921 non-

329 1971 349 1996 «
381 1952 516 1999 nullis
547 1952 605 1999 ad
631 1952 677 1998 id
709 1952 944 2016 agendum
970 1959 1016 1998 et
1043 1952 1257 2015 legitimis
1288 1951 1346 1998 de
1378 1951 1527 1999 causis
1561 1967 1731 2015 urgen-

331 2048 351 2072 «
382 2028 525 2084 tibus,
549 2044 665 2091 quas
685 2028 731 2074 in
758 2027 923 2074 litteris
949 2027 1124 2074 eisdem
1143 2028 1478 2090 expressimus.
1507 2030 1562 2074 Et
1579 2028 1732 2074 visum

331 2122 352 2147 «
383 2104 519 2150 nobis
547 2103 697 2150 fuerat
732 2102 868 2149 nichil
895 2119 979 2148 nos
1014 2102 1205 2166 aggredi
1238 2119 1376 2166 posse
1407 2103 1534 2165 quod
1564 2109 1610 2150 et
1640 2105 1734 2150 Deo

332 2199 351 2224 α
384 2180 646 2243 placencius
678 2196 730 2226 ac
760 2179 911 2226 meriti
947 2179 1152 2227 celsioris
1178 2185 1317 2235 esset,
1349 2179 1474 2242 quod
1508 2185 1553 2226 et
1582 2179 1730 2227 laudis

333 2275 352 2300 α
384 2256 622 2318 amplioris
648 2261 693 2301 et
719 2255 914 2311 fructus,
950 2254 1077 2317 quod
1105 2254 1279 2301 mundo
1306 2261 1351 2302 et
1385 2254 1601 2301 fidelibus
1635 2254 1736 2302 uni—

333 2352 352 2376 «
386 2333 535 2379 versis
562 2332 783 2395 optatius,
814 2331 941 2393 quod
968 2330 1167 2394 denique
1192 2331 1344 2378 eidem
1370 2332 1609 2379 Sanctitati
1631 2348 1737 2379 ves-

335 2429 355 2453 «
385 2416 456 2456 tre
488 2409 671 2473 gracius
700 2425 802 2456 esse
841 2408 1034 2455 deberet
1063 2414 1201 2470 atque
1241 2409 1493 2471 acceptius,
1530 2424 1670 2471 quam
1700 2409 1739 2455 si

336 2505 355 2530 <t
385 2486 443 2533 ad
478 2487 594 2533 hanc
633 2485 850 2533 unionem
889 2484 1230 2532 sanctissimam
1273 2492 1373 2532 tum
1413 2485 1547 2549 juxta
1592 2486 1738 2533 nostri

335 2581 356 2606 «ι
385 2562 560 2610 moduli
592 2562 856 2625 portionem
891 2577 974 2623 per
1001 2577 1085 2608 nos
1120 2561 1262 2624 ipsos,
1296 2568 1395 2609 tum
1432 2561 1558 2624 quod
1592 2562 1737 2608 nostri

337 2659 356 2683 <t
389 2640 634 2702 proprium
664 2645 733 2686 est
759 2638 915 2693 officii,
944 2645 1124 2685 ceteros
1149 2638 1207 2684 ad
1233 2638 1447 2686 eamdem
1473 2654 1574 2685 rem
1603 2638 1739 2686 indu-

339 2735 358 2759 «
388 2716 536 2762 cendo
563 2715 927 2763 elaboraremus.
952 2717 1125 2762 Verum
1151 2714 1284 2761 aliter
1305 2716 1448 2762 multo
1475 2731 1616 2777 quam
1639 2731 1739 2762 cre-

342 2811 360 2834 «
395 2791 622 2838 debamur
667 2790 880 2838 evenisse
922 2797 1148 2852 quantum
1193 2790 1251 2837 ad
1295 2790 1406 2838 illud
1449 2797 1739 2854 postremum
