1941 3294
192 309 297 357 1383]
461 312 830 346 GHRONOGRAPHIA
856 311 1008 345 REGUM
1032 311 1311 343 FRANCORUM.
1545 309 1584 345 51

192 391 341 438 dictus
370 392 600 439 Johannes
629 391 689 438 de
721 391 936 438 Marescis
971 389 1259 453 decapitatus
1292 394 1364 435 est
1394 387 1441 435 in
1472 389 1589 435 fallis

192 467 393 514 Parisius
417 483 521 514 cum
548 466 673 513 xvcim
697 467 822 523 aliis3
851 467 943 514 duo
969 466 1113 513 eciam
1139 465 1386 528 decapitati
1411 471 1518 512 sunt
1543 464 1589 511 in

192 543 295 590 vico
321 543 400 590 ubi
431 543 563 591 Judei
594 542 915 598 morabantur,
945 542 1024 605 qui
1054 541 1225 590 exulati
1254 541 1436 589 fuerant
1464 541 1592 588 Pari-

192 619 306 676 sius,
332 626 383 666 ut
401 619 578 666 dictum
603 625 691 666 est.

254 695 429 744 Deinde
455 713 512 743 ex
538 702 671 759 parte
702 696 825 760 regis
857 696 1105 743 clamatum
1133 701 1204 743 est
1228 701 1280 742 ut
1304 694 1458 742 omnia
1484 695 1592 742 hos-

190 771 417 834 piciorum
450 772 601 835 capita
626 772 685 819 ad
711 772 888 820 curiam
918 772 1081 836 palacii
1111 772 1237 837 regis
1265 771 1312 818 in
1338 770 1592 819 crastinum

190 848 494 895 convenirent
524 848 582 896 ad
614 848 898 896 audiendum
930 848 1042 912 quid
1075 865 1158 896 rex
1189 848 1329 896 vellet
1358 847 1514 895 dicere
1548 853 1594 894 et

190 924 424 982 ordinare,
448 924 535 972 sub
558 941 677 988 pena
703 924 968 972 incurrendi
995 925 1361 990 indignationem
1385 923 1593 989 ejusdem

190 1001 332 1064 regis.
369 1004 465 1058 Qua
501 1001 602 1049 die¹
638 1018 744 1049 cum
779 1018 942 1049 omnes
979 1002 1306 1049 convenissent
1336 1000 1384 1048 in
1417 1001 1593 1048 curiam

189 1076 299 1124 dicti
320 1077 499 1141 palacii,
523 1084 742 1141 presente
762 1094 873 1142 rege
893 1084 939 1125 et
958 1078 1154 1125 ducibus
1172 1077 1362 1134 Biturie‚
1384 1080 1597 1141 Burgun-

191 1153 266 1200 die
292 1160 340 1200 et
364 1154 601 1211 Borbonii,
630 1154 799 1202 comite
825 1154 979 1202 Sancti
1004 1154 1130 1201 Pauli
1157 1160 1203 1200 et
1229 1153 1444 1217 pluribus
1475 1153 1592 1210 aliis,

191 1229 342 1277 dictus
372 1234 536 1278 Petrus
569 1230 628 1278 de
661 1230 994 1287 Ordeomonte,
1024 1236 1134 1277 tunc
1164 1230 1463 1278 cancellarius
1493 1230 1597 1278 Del-

193 1306 424 1369 phinatus,
460 1308 676 1355 omnibus
707 1307 1018 1363 audientibus,
1053 1306 1198 1354 multa
1232 1307 1460 1363 recitavit,
1496 1314 1598 1354 tan-

190 1382 342 1447 gendo
369 1383 496 1445 quod
522 1384 801 1431 Parisienses
827 1384 995 1431 multas
1022 1389 1185 1431 contra
1209 1400 1371 1448 regem
1398 1383 1598 1431 offensas

191 1459 551 1515 commiserant3
592 1459 762 1523 quibus
805 1466 962 1507 tamen
1000 1476 1092 1507 non
1129 1460 1450 1516 obstantibus,
1492 1477 1594 1514 rex,

191 1535 345 1598 potius
382 1535 556 1601 eligens
588 1536 656 1583 uti
690 1535 1012 1583 misericordia
1050 1553 1191 1599 quam
1230 1537 1387 1600 rigore
1416 1536 1599 1601 justicie

190 1627 301 1676 erga
320 1612 464 1675 ipsos,
484 1611 674 1660 indulsit
693 1612 760 1660 eis
781 1618 1010 1675 perpetuo
1033 1629 1199 1660 omnes
1221 1613 1435 1676 ipsorum
1455 1613 1600 1660 offen-

190 1704 282 1744 sas,
307 1689 523 1736 sceclusis
544 1689 648 1752 (sie)
669 1688 759 1736 xxti
767 1689 864 1753 jam
890 1689 1191 1736 incarceratis
1218 1706 1337 1752 quos
1362 1689 1462 1753 ipse
1489 1706 1598 1737 exe-

191 1764 363 1812 cutioni
399 1764 582 1829 justicie
623 1771 937 1828 proposuerat
979 1765 1167 1814 tradere
1202 1772 1249 1813 et
1282 1765 1370 1814 XXti
1404 1766 1505 1814 aliis
1542 1766 1600 1813 de

191 1841 361 1904 quibus
380 1842 566 1889 volebat
592 1858 730 1906 agere
756 1841 816 1889 ad
841 1842 1128 1890 voluntatem
1155 1845 1335 1891 suam2.

255 1917 321 1964 Illi
347 1923 502 1965 autem
528 1918 607 1981 qui
632 1918 847 1982 fugerant
872 1918 930 1966 de
955 1918 1270 1966 habitantibus
1288 1919 1490 1967 Parisius
1517 1935 1601 1966 nec

190 1994 370 2041 reversi
405 1995 590 2042 fuerant
621 1994 679 2042 ad
710 1995 1004 2043 vocationem
1038 1996 1186 2061 regis,
1229 1996 1399 2044 exulati
1437 2002 1543 2044 sunt
1575 2014 1601 2043 a

191 2087 338 2134 regno
369 2071 559 2119 Francie
593 2072 833 2135 perpetuis
871 2072 1164 2136 temporibus
1199 2078 1245 2120 et
1280 2072 1401 2120 bona
1438 2088 1601 2121 eorum

191 2147 291 2212 regi
316 2148 581 2196 confiscata.
612 2150 782 2206 Quarta
807 2149 880 2196 die
907 2149 1081 2197 mensis
1107 2150 1283 2214 aprilis,
1312 2150 1601 2213 publicatum

192 2228 264 2269 est
287 2239 346 2270 ex
371 2229 502 2286 parte
527 2225 669 2288 regis,
694 2241 751 2272 ne
777 2225 943 2289 aliquis
965 2243 990 2273 a
1016 2242 1165 2290 regno
1189 2226 1341 2273 exiret
1368 2226 1455 2274 sub
1482 2242 1601 2290 pena

193 2298 459 2347 incurrendi
485 2316 655 2362 penam
680 2300 877 2348 similem
903 2301 1232 2349 traditorum3.

242 2435 274 2471 «1.
297 2435 350 2472 Le
373 2435 425 2470 12r
446 2445 547 2470 mars
571 2434 658 2472 1383
682 2435 733 2474 (n.
758 2438 833 2477 st.).

239 2494 274 2530 2.
296 2494 403 2530 Dans
430 2505 472 2530 sa
498 2494 647 2531 ballade
675 2506 861 2531 ccccxxxv
884 2496 1057 2539 (OEurres
1079 2498 1263 2542 comple'tes
1283 2496 1496 2532 d'Eustczche
1516 2497 1600 2532 Des-

193 2555 353 2600 champs,
378 2553 435 2589 ed.
459 2553 509 2589 du
529 2554 699 2601 marquis
721 2554 857 2598 Qucux
878 2554 923 2591 de
946 2555 1239 2602 Saint-Hilaire,
1256 2561 1282 2591 t.
1299 2555 1369 2598 111,
1387 2567 1422 2602 p.
1449 2556 1543 2602 1519,
1566 2555 1600 2591 le

192 2614 303 2660 poete
336 2612 403 2648 fait
436 2612 562 2659 parler
594 2612 630 2648 la
663 2612 749 2649 ville
780 2613 826 2650 de
859 2613 991 2661 Paris,
1021 2613 1228 2661 implorant
1258 2614 1295 2650 la
1327 2614 1523 2650 clemence
1554 2614 1599 2650 de

194 2671 353 2708 Cbarles
374 2671 443 2708 VI.

244 2730 276 2766 3.
301 2730 356 2766 Cf.
379 2732 504 2766 Partie
530 2731 663 2766 inedita
687 2731 746 2766 des
766 2732 982 2778 chroniques
1007 2733 1049 2768 de
1071 2732 1325 2773 Saint-Denis,
1356 2742 1392 2778 p.
1415 2731 1459 2768 29
1480 2737 1518 2768 et
1541 2731 1597 2768 37.
