<?xml version="1.0" encoding="UTF-8"?>
<!DOCTYPE html PUBLIC "-//W3C//DTD XHTML 1.0 Transitional//EN"
    "http://www.w3.org/TR/xhtml1/DTD/xhtml1-transitional.dtd">
<html xmlns="http://www.w3.org/1999/xhtml" xml:lang="en" lang="en">
 <head>
  <title>
</title>
<meta http-equiv="Content-Type" content="text/html;charset=utf-8" />
  <meta name='ocr-system' content='tesseract 3.04.00' />
  <meta name='ocr-capabilities' content='ocr_page ocr_carea ocr_par ocr_line ocrx_word'/>
</head>
<body>
  <div class='ocr_page' id='page_1' title='image "./chronographiareg03mora_0068.png"; bbox 0 0 1941 3294; ppageno 0'>
   <div class='ocr_carea' id='block_1_1' title="bbox 299 321 1693 367">
    <p class='ocr_par' dir='ltr' id='par_1_1' title="bbox 299 321 1693 367">
     <span class='ocr_line' id='line_1_1' title="bbox 299 321 1693 367; baseline -0.006 -1"><span class='ocrx_word' id='word_1_1' title='bbox 299 331 319 366; x_wconf 87' lang='grc'><strong>6</strong></span> <span class='ocrx_word' id='word_1_2' title='bbox 572 328 941 362; x_wconf 82' lang='lat' dir='ltr'><strong>CHRONOGRAPHIA</strong></span> <span class='ocrx_word' id='word_1_3' title='bbox 967 326 1119 358; x_wconf 83' lang='lat' dir='ltr'>REGUM</span> <span class='ocrx_word' id='word_1_4' title='bbox 1143 324 1420 358; x_wconf 85' lang='lat' dir='ltr'><strong>FRANGORUM.</strong></span> <span class='ocrx_word' id='word_1_5' title='bbox 1592 321 1693 367; x_wconf 84' lang='grc'><strong>[1381</strong></span> 
     </span>
    </p>
   </div>
   <div class='ocr_carea' id='block_1_2' title="bbox 289 403 1701 1844">
    <p class='ocr_par' dir='ltr' id='par_1_2' title="bbox 291 403 1701 1308">
     <span class='ocr_line' id='line_1_2' title="bbox 361 403 1699 471; baseline -0.006 -12"><span class='ocrx_word' id='word_1_6' title='bbox 361 411 586 460; x_wconf 87' lang='lat' dir='ltr'>Vicesima</span> <span class='ocrx_word' id='word_1_7' title='bbox 615 409 689 456; x_wconf 92' lang='lat' dir='ltr'>die</span> <span class='ocrx_word' id='word_1_8' title='bbox 719 406 928 471; x_wconf 87' lang='lat' dir='ltr'>ejusdem</span> <span class='ocrx_word' id='word_1_9' title='bbox 958 404 1146 462; x_wconf 84' lang='lat' dir='ltr'>mensis,</span> <span class='ocrx_word' id='word_1_10' title='bbox 1180 403 1463 452; x_wconf 87' lang='lat' dir='ltr'>Universitas</span> <span class='ocrx_word' id='word_1_11' title='bbox 1499 403 1699 451; x_wconf 73' lang='lat' dir='ltr'>parisius</span> 
     </span>
     <span class='ocr_line' id='line_1_3' title="bbox 296 479 1699 547; baseline -0.006 -11"><span class='ocrx_word' id='word_1_12' title='bbox 296 486 622 536; x_wconf 80' lang='lat' dir='ltr'>determinavit</span> <span class='ocrx_word' id='word_1_13' title='bbox 646 484 884 547; x_wconf 78' lang='lat' dir='ltr'>requirere</span> <span class='ocrx_word' id='word_1_14' title='bbox 913 480 1158 529; x_wconf 91' lang='lat' dir='ltr'>concilium</span> <span class='ocrx_word' id='word_1_15' title='bbox 1188 480 1402 545; x_wconf 80' lang='lat' dir='ltr'>generale</span> <span class='ocrx_word' id='word_1_16' title='bbox 1432 485 1479 527; x_wconf 88' lang='lat' dir='ltr'>et</span> <span class='ocrx_word' id='word_1_17' title='bbox 1504 479 1699 527; x_wconf 89' lang='lat' dir='ltr'>suadere</span> 
     </span>
     <span class='ocr_line' id='line_1_4' title="bbox 295 555 1699 628; baseline -0.006 -17"><span class='ocrx_word' id='word_1_18' title='bbox 295 563 469 628; x_wconf 92' lang='lat' dir='ltr'>populo</span> <span class='ocrx_word' id='word_1_19' title='bbox 512 562 570 609; x_wconf 90' lang='lat' dir='ltr'>ad</span> <span class='ocrx_word' id='word_1_20' title='bbox 614 559 951 608; x_wconf 88' lang='lat' dir='ltr'>removendum</span> <span class='ocrx_word' id='word_1_21' title='bbox 999 572 1210 605; x_wconf 86' lang='lat' dir='ltr'>errorem</span> <span class='ocrx_word' id='word_1_22' title='bbox 1252 562 1362 604; x_wconf 90' lang='lat' dir='ltr'>tunc</span> <span class='ocrx_word' id='word_1_23' title='bbox 1406 555 1450 603; x_wconf 90' lang='lat' dir='ltr'>in</span> <span class='ocrx_word' id='word_1_24' title='bbox 1500 556 1699 603; x_wconf 85' lang='lat' dir='ltr'>Ecclesia</span> 
     </span>
     <span class='ocr_line' id='line_1_5' title="bbox 294 634 1700 703; baseline -0.006 -16"><span class='ocrx_word' id='word_1_25' title='bbox 294 645 584 703; x_wconf 81' lang='lat' dir='ltr'>regnantem,</span> <span class='ocrx_word' id='word_1_26' title='bbox 613 643 809 701; x_wconf 87' lang='lat' dir='ltr'>propter</span> <span class='ocrx_word' id='word_1_27' title='bbox 834 636 1115 684; x_wconf 87' lang='lat' dir='ltr'>Clementem</span> <span class='ocrx_word' id='word_1_28' title='bbox 1139 640 1185 681; x_wconf 88' lang='lat' dir='ltr'>et</span> <span class='ocrx_word' id='word_1_29' title='bbox 1215 634 1469 688; x_wconf 90' lang='lat' dir='ltr'>Urbanum,</span> <span class='ocrx_word' id='word_1_30' title='bbox 1499 649 1700 695; x_wconf 92' lang='lat' dir='ltr'>quorum</span> 
     </span>
     <span class='ocr_line' id='line_1_6' title="bbox 294 708 1699 778; baseline -0.006 -15"><span class='ocrx_word' id='word_1_31' title='bbox 294 722 492 778; x_wconf 90' lang='lat' dir='ltr'>uterque</span> <span class='ocrx_word' id='word_1_32' title='bbox 526 731 576 762; x_wconf 90' lang='lat' dir='ltr'>se</span> <span class='ocrx_word' id='word_1_33' title='bbox 611 718 783 776; x_wconf 89' lang='lat' dir='ltr'>Papam</span> <span class='ocrx_word' id='word_1_34' title='bbox 816 709 1095 758; x_wconf 79' lang='lat' dir='ltr'>astruebat1.</span> <span class='ocrx_word' id='word_1_35' title='bbox 1130 712 1277 757; x_wconf 93' lang='lat' dir='ltr'>Porro</span> <span class='ocrx_word' id='word_1_36' title='bbox 1303 709 1399 756; x_wconf 86' lang='lat' dir='ltr'>dux</span> <span class='ocrx_word' id='word_1_37' title='bbox 1432 708 1699 772; x_wconf 84' lang='lat' dir='ltr'>Andegavie</span> 
     </span>
     <span class='ocr_line' id='line_1_7' title="bbox 296 785 1700 850; baseline -0.006 -11"><span class='ocrx_word' id='word_1_38' title='bbox 296 792 384 838; x_wconf 88' lang='lat' dir='ltr'>hoc</span> <span class='ocrx_word' id='word_1_39' title='bbox 409 807 590 838; x_wconf 87' lang='lat' dir='ltr'>cessare</span> <span class='ocrx_word' id='word_1_40' title='bbox 616 790 722 836; x_wconf 86' lang='lat' dir='ltr'>fecit</span> <span class='ocrx_word' id='word_1_41' title='bbox 752 806 762 835; x_wconf 90' lang='lat'>:</span> <span class='ocrx_word' id='word_1_42' title='bbox 793 803 898 834; x_wconf 89' lang='lat' dir='ltr'>nam</span> <span class='ocrx_word' id='word_1_43' title='bbox 920 787 1052 850; x_wconf 86' lang='lat' dir='ltr'>jussu</span> <span class='ocrx_word' id='word_1_44' title='bbox 1077 786 1175 849; x_wconf 88' lang='lat' dir='ltr'>ejus</span> <span class='ocrx_word' id='word_1_45' title='bbox 1200 792 1362 849; x_wconf 89' lang='lat' dir='ltr'>captus</span> <span class='ocrx_word' id='word_1_46' title='bbox 1387 792 1458 833; x_wconf 86' lang='lat' dir='ltr'>est</span> <span class='ocrx_word' id='word_1_47' title='bbox 1480 785 1700 849; x_wconf 82' lang='lat' dir='ltr'>magister</span> 
     </span>
     <span class='ocr_line' id='line_1_8' title="bbox 293 861 1700 927; baseline -0.004 -13"><span class='ocrx_word' id='word_1_48' title='bbox 293 867 525 915; x_wconf 87' lang='lat' dir='ltr'>Johannes</span> <span class='ocrx_word' id='word_1_49' title='bbox 551 866 772 921; x_wconf 52' lang='lat' dir='ltr'>RousseP,</span> <span class='ocrx_word' id='word_1_50' title='bbox 803 863 967 911; x_wconf 89' lang='lat' dir='ltr'>doctor</span> <span class='ocrx_word' id='word_1_51' title='bbox 992 863 1038 909; x_wconf 87' lang='lat' dir='ltr'>in</span> <span class='ocrx_word' id='word_1_52' title='bbox 1064 879 1194 910; x_wconf 89' lang='lat' dir='ltr'>sacra</span> <span class='ocrx_word' id='word_1_53' title='bbox 1228 863 1396 927; x_wconf 82' lang='lat' dir='ltr'>pagina</span> <span class='ocrx_word' id='word_1_54' title='bbox 1427 862 1474 909; x_wconf 91' lang='lat' dir='ltr'>in</span> <span class='ocrx_word' id='word_1_55' title='bbox 1506 861 1700 925; x_wconf 84' lang='lat' dir='ltr'>collegio</span> 
     </span>
     <span class='ocr_line' id='line_1_9' title="bbox 294 937 1701 1002; baseline -0.003 -13"><span class='ocrx_word' id='word_1_56' title='bbox 294 942 545 990; x_wconf 86' lang='lat' dir='ltr'>Cardinalis</span> <span class='ocrx_word' id='word_1_57' title='bbox 560 939 785 995; x_wconf 89' lang='lat' dir='ltr'>Monachi,</span> <span class='ocrx_word' id='word_1_58' title='bbox 804 938 883 986; x_wconf 88' lang='lat' dir='ltr'>ubi</span> <span class='ocrx_word' id='word_1_59' title='bbox 896 938 1188 995; x_wconf 82' lang='lat' dir='ltr'>morabatur3</span> <span class='ocrx_word' id='word_1_60' title='bbox 1213 945 1347 1002; x_wconf 84' lang='lat' dir='ltr'>porta</span> <span class='ocrx_word' id='word_1_61' title='bbox 1362 954 1562 1000; x_wconf 89' lang='lat' dir='ltr'>namque</span> <span class='ocrx_word' id='word_1_62' title='bbox 1579 937 1701 1001; x_wconf 84' lang='lat' dir='ltr'>ejus—</span> 
     </span>
     <span class='ocr_line' id='line_1_10' title="bbox 293 1013 1701 1080; baseline -0.003 -16"><span class='ocrx_word' id='word_1_63' title='bbox 293 1018 402 1064; x_wconf 91' lang='lat' dir='ltr'>dem</span> <span class='ocrx_word' id='word_1_64' title='bbox 442 1016 621 1080; x_wconf 81' lang='lat' dir='ltr'>collegii</span> <span class='ocrx_word' id='word_1_65' title='bbox 659 1015 718 1062; x_wconf 91' lang='lat' dir='ltr'>de</span> <span class='ocrx_word' id='word_1_66' title='bbox 756 1020 891 1062; x_wconf 91' lang='lat' dir='ltr'>nocte</span> <span class='ocrx_word' id='word_1_67' title='bbox 923 1021 1061 1078; x_wconf 88' lang='lat' dir='ltr'>rupta</span> <span class='ocrx_word' id='word_1_68' title='bbox 1098 1021 1169 1061; x_wconf 87' lang='lat' dir='ltr'>est</span> <span class='ocrx_word' id='word_1_69' title='bbox 1203 1031 1256 1062; x_wconf 90' lang='lat' dir='ltr'>ac</span> <span class='ocrx_word' id='word_1_70' title='bbox 1292 1014 1442 1062; x_wconf 89' lang='lat' dir='ltr'>dictus</span> <span class='ocrx_word' id='word_1_71' title='bbox 1480 1013 1701 1078; x_wconf 84' lang='lat' dir='ltr'>magister</span> 
     </span>
     <span class='ocr_line' id='line_1_11' title="bbox 292 1089 1700 1155; baseline -0.003 -15"><span class='ocrx_word' id='word_1_72' title='bbox 292 1109 428 1140; x_wconf 85' lang='lat' dir='ltr'>causa</span> <span class='ocrx_word' id='word_1_73' title='bbox 466 1092 586 1139; x_wconf 90' lang='lat' dir='ltr'>dicta</span> <span class='ocrx_word' id='word_1_74' title='bbox 619 1096 782 1155; x_wconf 89' lang='lat' dir='ltr'>captus</span> <span class='ocrx_word' id='word_1_75' title='bbox 815 1096 861 1137; x_wconf 89' lang='lat' dir='ltr'>et</span> <span class='ocrx_word' id='word_1_76' title='bbox 899 1091 1210 1137; x_wconf 80' lang='lat' dir='ltr'>incarceratus</span> <span class='ocrx_word' id='word_1_77' title='bbox 1243 1091 1357 1137; x_wconf 80' lang='lat' dir='ltr'>est3.</span> <span class='ocrx_word' id='word_1_78' title='bbox 1395 1089 1700 1137; x_wconf 88' lang='lat' dir='ltr'>Postmodum</span> 
     </span>
     <span class='ocr_line' id='line_1_12' title="bbox 291 1164 1700 1229; baseline -0.002 -14"><span class='ocrx_word' id='word_1_79' title='bbox 291 1185 404 1215; x_wconf 86' lang='lat' dir='ltr'>vero</span> <span class='ocrx_word' id='word_1_80' title='bbox 428 1168 651 1215; x_wconf 87' lang='lat' dir='ltr'>liberatus</span> <span class='ocrx_word' id='word_1_81' title='bbox 671 1173 757 1223; x_wconf 85' lang='lat' dir='ltr'>est,</span> <span class='ocrx_word' id='word_1_82' title='bbox 782 1166 847 1214; x_wconf 88' lang='lat' dir='ltr'>sic</span> <span class='ocrx_word' id='word_1_83' title='bbox 867 1166 993 1229; x_wconf 88' lang='lat' dir='ltr'>quod</span> <span class='ocrx_word' id='word_1_84' title='bbox 1020 1165 1303 1213; x_wconf 87' lang='lat' dir='ltr'>Universitas</span> <span class='ocrx_word' id='word_1_85' title='bbox 1323 1171 1527 1213; x_wconf 84' lang='lat' dir='ltr'>cessaret</span> <span class='ocrx_word' id='word_1_86' title='bbox 1544 1164 1700 1228; x_wconf 91' lang='lat' dir='ltr'>requi-</span> 
     </span>
     <span class='ocr_line' id='line_1_13' title="bbox 291 1242 952 1308; baseline -0.003 -18"><span class='ocrx_word' id='word_1_87' title='bbox 291 1260 395 1291; x_wconf 86' lang='lat' dir='ltr'>rere</span> <span class='ocrx_word' id='word_1_88' title='bbox 420 1243 635 1308; x_wconf 84' lang='lat' dir='ltr'>generale</span> <span class='ocrx_word' id='word_1_89' title='bbox 662 1242 952 1290; x_wconf 72' lang='lat' dir='ltr'>concilium4.</span> 
     </span>
    </p>

    <p class='ocr_par' dir='ltr' id='par_1_3' title="bbox 289 1322 1701 1844">
     <span class='ocr_line' id='line_1_14' title="bbox 356 1322 1701 1387; baseline -0.002 -14"><span class='ocrx_word' id='word_1_90' title='bbox 356 1325 436 1373; x_wconf 90' lang='lat' dir='ltr'>Die</span> <span class='ocrx_word' id='word_1_91' title='bbox 468 1325 649 1381; x_wconf 84' lang='lat' dir='ltr'>martis,</span> <span class='ocrx_word' id='word_1_92' title='bbox 684 1325 834 1387; x_wconf 63' lang='lat' dir='ltr'>xxiiija</span> <span class='ocrx_word' id='word_1_93' title='bbox 865 1324 940 1371; x_wconf 93' lang='lat' dir='ltr'>die</span> <span class='ocrx_word' id='word_1_94' title='bbox 973 1324 1147 1371; x_wconf 88' lang='lat' dir='ltr'>mensis</span> <span class='ocrx_word' id='word_1_95' title='bbox 1181 1322 1460 1387; x_wconf 88' lang='lat' dir='ltr'>septembris</span> <span class='ocrx_word' id='word_1_96' title='bbox 1491 1322 1701 1387; x_wconf 88' lang='lat' dir='ltr'>ejusdem</span> 
     </span>
     <span class='ocr_line' id='line_1_15' title="bbox 290 1399 1700 1466; baseline -0.003 -16"><span class='ocrx_word' id='word_1_97' title='bbox 290 1403 414 1459; x_wconf 89' lang='lat' dir='ltr'>anni,</span> <span class='ocrx_word' id='word_1_98' title='bbox 441 1402 538 1449; x_wconf 86' lang='lat' dir='ltr'>dux</span> <span class='ocrx_word' id='word_1_99' title='bbox 563 1401 926 1466; x_wconf 83' lang='lat' dir='ltr'>Andegavensis,</span> <span class='ocrx_word' id='word_1_100' title='bbox 957 1406 1238 1464; x_wconf 88' lang='lat' dir='ltr'>procurante</span> <span class='ocrx_word' id='word_1_101' title='bbox 1264 1416 1376 1463; x_wconf 88' lang='lat' dir='ltr'>pace</span> <span class='ocrx_word' id='word_1_102' title='bbox 1400 1399 1619 1448; x_wconf 87' lang='lat' dir='ltr'>Johannis</span> <span class='ocrx_word' id='word_1_103' title='bbox 1641 1399 1700 1446; x_wconf 90' lang='lat' dir='ltr'>de</span> 
     </span>
     <span class='ocr_line' id='line_1_16' title="bbox 289 1475 1700 1540; baseline -0.002 -15"><span class='ocrx_word' id='word_1_104' title='bbox 289 1477 552 1527; x_wconf 83' lang='lat' dir='ltr'>Monteforti</span> <span class='ocrx_word' id='word_1_105' title='bbox 578 1477 701 1540; x_wconf 88' lang='lat' dir='ltr'>apud</span> <span class='ocrx_word' id='word_1_106' title='bbox 728 1477 950 1524; x_wconf 88' lang='lat' dir='ltr'>Karolum</span> <span class='ocrx_word' id='word_1_107' title='bbox 975 1493 1156 1540; x_wconf 84' lang='lat' dir='ltr'>regem,</span> <span class='ocrx_word' id='word_1_108' title='bbox 1180 1475 1344 1523; x_wconf 87' lang='lat' dir='ltr'>aduxit</span> <span class='ocrx_word' id='word_1_109' title='bbox 1369 1492 1474 1523; x_wconf 90' lang='lat' dir='ltr'>eum</span> <span class='ocrx_word' id='word_1_110' title='bbox 1500 1475 1700 1522; x_wconf 88' lang='lat' dir='ltr'>Parisius</span> 
     </span>
     <span class='ocr_line' id='line_1_17' title="bbox 291 1551 1700 1616; baseline -0.003 -14"><span class='ocrx_word' id='word_1_111' title='bbox 291 1562 336 1602; x_wconf 87' lang='lat' dir='ltr'>et</span> <span class='ocrx_word' id='word_1_112' title='bbox 364 1554 470 1601; x_wconf 88' lang='lat' dir='ltr'>inde</span> <span class='ocrx_word' id='word_1_113' title='bbox 497 1553 833 1616; x_wconf 88' lang='lat' dir='ltr'>Compendium</span> <span class='ocrx_word' id='word_1_114' title='bbox 860 1553 918 1600; x_wconf 84' lang='lat' dir='ltr'>ad</span> <span class='ocrx_word' id='word_1_115' title='bbox 943 1553 1162 1600; x_wconf 87' lang='lat' dir='ltr'>eumdem</span> <span class='ocrx_word' id='word_1_116' title='bbox 1188 1569 1364 1616; x_wconf 82' lang='lat' dir='ltr'>regem,</span> <span class='ocrx_word' id='word_1_117' title='bbox 1396 1552 1475 1615; x_wconf 89' lang='lat' dir='ltr'>qui</span> <span class='ocrx_word' id='word_1_118' title='bbox 1499 1551 1700 1599; x_wconf 87' lang='lat' dir='ltr'>restituit</span> 
     </span>
     <span class='ocr_line' id='line_1_18' title="bbox 290 1627 1695 1691; baseline -0.003 -13"><span class='ocrx_word' id='word_1_119' title='bbox 290 1632 331 1677; x_wconf 92' lang='lat' dir='ltr'>ei</span> <span class='ocrx_word' id='word_1_120' title='bbox 357 1630 575 1678; x_wconf 83' lang='lat' dir='ltr'>ducatum</span> <span class='ocrx_word' id='word_1_121' title='bbox 612 1629 846 1677; x_wconf 90' lang='lat' dir='ltr'>Britannie</span> <span class='ocrx_word' id='word_1_122' title='bbox 872 1635 920 1676; x_wconf 88' lang='lat' dir='ltr'>et</span> <span class='ocrx_word' id='word_1_123' title='bbox 944 1629 1213 1676; x_wconf 85' lang='lat' dir='ltr'>comitatum</span> <span class='ocrx_word' id='word_1_124' title='bbox 1249 1628 1569 1684; x_wconf 89' lang='lat' dir='ltr'>Montisfortis,</span> <span class='ocrx_word' id='word_1_125' title='bbox 1599 1627 1695 1691; x_wconf 91' lang='lat' dir='ltr'>qui,</span> 
     </span>
     <span class='ocr_line' id='line_1_19' title="bbox 289 1704 1700 1768; baseline -0.003 -14"><span class='ocrx_word' id='word_1_126' title='bbox 289 1714 341 1755; x_wconf 89' lang='lat' dir='ltr'>ut</span> <span class='ocrx_word' id='word_1_127' title='bbox 373 1707 548 1754; x_wconf 89' lang='lat' dir='ltr'>dictum</span> <span class='ocrx_word' id='word_1_128' title='bbox 588 1712 675 1762; x_wconf 87' lang='lat' dir='ltr'>est,</span> <span class='ocrx_word' id='word_1_129' title='bbox 714 1705 950 1752; x_wconf 87' lang='lat' dir='ltr'>confiscati</span> <span class='ocrx_word' id='word_1_130' title='bbox 988 1706 1173 1752; x_wconf 83' lang='lat' dir='ltr'>fuerant</span> <span class='ocrx_word' id='word_1_131' title='bbox 1206 1705 1305 1768; x_wconf 83' lang='lat' dir='ltr'>regi</span> <span class='ocrx_word' id='word_1_132' title='bbox 1343 1704 1700 1768; x_wconf 67' lang='lat' dir='ltr'>Karolo-nuper</span> 
     </span>
     <span class='ocr_line' id='line_1_20' title="bbox 289 1779 1700 1844; baseline -0.001 -16"><span class='ocrx_word' id='word_1_133' title='bbox 289 1781 525 1838; x_wconf 90' lang='lat' dir='ltr'>defuncto,</span> <span class='ocrx_word' id='word_1_134' title='bbox 563 1786 760 1844; x_wconf 87' lang='lat' dir='ltr'>propter</span> <span class='ocrx_word' id='word_1_135' title='bbox 793 1780 1019 1828; x_wconf 86' lang='lat' dir='ltr'>demerita</span> <span class='ocrx_word' id='word_1_136' title='bbox 1052 1780 1168 1843; x_wconf 87' lang='lat' dir='ltr'>ejus,</span> <span class='ocrx_word' id='word_1_137' title='bbox 1206 1780 1310 1827; x_wconf 86' lang='lat' dir='ltr'>licet</span> <span class='ocrx_word' id='word_1_138' title='bbox 1344 1779 1436 1844; x_wconf 85' lang='lat' dir='ltr'>jam</span> <span class='ocrx_word' id='word_1_139' title='bbox 1471 1795 1700 1826; x_wconf 88' lang='lat' dir='ltr'>consensu</span> 
     </span>
    </p>
   </div>
   <div class='ocr_carea' id='block_1_3' title="bbox 290 1935 1699 2826">
    <p class='ocr_par' dir='ltr' id='par_1_4' title="bbox 290 1935 1698 2044">
     <span class='ocr_line' id='line_1_21' title="bbox 291 1935 1698 1982; baseline -0.002 -8"><span class='ocrx_word' id='word_1_140' title='bbox 291 1940 313 1974; x_wconf 85' lang='grc' dir='ltr'><em>ἀ</em></span> <span class='ocrx_word' id='word_1_141' title='bbox 329 1939 543 1974; x_wconf 79' lang='lat' dir='ltr'>L&#39;Acade&#39;mie</span> <span class='ocrx_word' id='word_1_142' title='bbox 558 1939 615 1973; x_wconf 78' lang='lat' dir='ltr'>des</span> <span class='ocrx_word' id='word_1_143' title='bbox 631 1939 870 1982; x_wconf 74' lang='lat' dir='ltr'>inscriptions</span> <span class='ocrx_word' id='word_1_144' title='bbox 885 1941 917 1972; x_wconf 79' lang='lat' dir='ltr'>et</span> <span class='ocrx_word' id='word_1_145' title='bbox 931 1938 1185 1979; x_wconf 75' lang='lat' dir='ltr'>belles-lettres,</span> <span class='ocrx_word' id='word_1_146' title='bbox 1201 1936 1241 1973; x_wconf 73' lang='lat'>2⁰</span> <span class='ocrx_word' id='word_1_147' title='bbox 1257 1936 1368 1981; x_wconf 78' lang='lat' dir='ltr'>serie,</span> <span class='ocrx_word' id='word_1_148' title='bbox 1385 1941 1412 1972; x_wconf 77' lang='lat' dir='ltr'>t.</span> <span class='ocrx_word' id='word_1_149' title='bbox 1429 1935 1499 1980; x_wconf 88' lang='lat' dir='ltr'>VI,</span> <span class='ocrx_word' id='word_1_150' title='bbox 1515 1936 1553 1972; x_wconf 72' lang='lat'>20</span> <span class='ocrx_word' id='word_1_151' title='bbox 1564 1935 1698 1982; x_wconf 83' lang='lat' dir='ltr'>partie,</span> 
     </span>
     <span class='ocr_line' id='line_1_22' title="bbox 290 1994 1696 2044; baseline -0.002 -12"><span class='ocrx_word' id='word_1_152' title='bbox 290 2008 325 2044; x_wconf 93' lang='lat' dir='ltr'>p.</span> <span class='ocrx_word' id='word_1_153' title='bbox 343 1998 400 2042; x_wconf 84' lang='lat'>85,</span> <span class='ocrx_word' id='word_1_154' title='bbox 418 2001 506 2033; x_wconf 85' lang='lat' dir='ltr'>note</span> <span class='ocrx_word' id='word_1_155' title='bbox 519 1997 560 2042; x_wconf 72' lang='lat'>23</span> <span class='ocrx_word' id='word_1_156' title='bbox 578 2001 614 2032; x_wconf 82' lang='lat' dir='ltr'>et</span> <span class='ocrx_word' id='word_1_157' title='bbox 628 1996 828 2040; x_wconf 82' lang='lat' dir='ltr'>Froissart,</span> <span class='ocrx_word' id='word_1_158' title='bbox 842 1996 900 2031; x_wconf 85' lang='lat' dir='ltr'>ed.</span> <span class='ocrx_word' id='word_1_159' title='bbox 918 1995 1075 2042; x_wconf 84' lang='lat' dir='ltr'>Kervyn</span> <span class='ocrx_word' id='word_1_160' title='bbox 1090 1995 1136 2030; x_wconf 90' lang='lat' dir='ltr'>de</span> <span class='ocrx_word' id='word_1_161' title='bbox 1156 1995 1404 2039; x_wconf 83' lang='lat' dir='ltr'>Lettenhove,</span> <span class='ocrx_word' id='word_1_162' title='bbox 1426 1998 1453 2030; x_wconf 91' lang='lat' dir='ltr'>t.</span> <span class='ocrx_word' id='word_1_163' title='bbox 1470 1994 1544 2041; x_wconf 84' lang='lat' dir='ltr'>IX,</span> <span class='ocrx_word' id='word_1_164' title='bbox 1559 2005 1596 2040; x_wconf 88' lang='lat' dir='ltr'>p.</span> <span class='ocrx_word' id='word_1_165' title='bbox 1615 1994 1696 2030; x_wconf 78' lang='lat'><strong>557.</strong></span> 
     </span>
    </p>

    <p class='ocr_par' dir='ltr' id='par_1_5' title="bbox 291 2058 1699 2163">
     <span class='ocr_line' id='line_1_23' title="bbox 340 2058 1699 2107; baseline -0.001 -11"><span class='ocrx_word' id='word_1_166' title='bbox 340 2062 372 2096; x_wconf 85' lang='lat'>1.</span> <span class='ocrx_word' id='word_1_167' title='bbox 394 2061 447 2096; x_wconf 88' lang='lat' dir='ltr'>Le</span> <span class='ocrx_word' id='word_1_168' title='bbox 468 2060 670 2107; x_wconf 81' lang='lat' dir='ltr'>Religieux</span> <span class='ocrx_word' id='word_1_169' title='bbox 691 2059 737 2095; x_wconf 89' lang='lat' dir='ltr'>de</span> <span class='ocrx_word' id='word_1_170' title='bbox 759 2059 1018 2106; x_wconf 84' lang='lat' dir='ltr'>Saint-Denys</span> <span class='ocrx_word' id='word_1_171' title='bbox 1034 2062 1073 2105; x_wconf 84' lang='lat' dir='ltr'>(t.</span> <span class='ocrx_word' id='word_1_172' title='bbox 1090 2059 1122 2104; x_wconf 91' lang='lat' dir='ltr'>I,</span> <span class='ocrx_word' id='word_1_173' title='bbox 1141 2071 1174 2105; x_wconf 88' lang='lat' dir='ltr'>p.</span> <span class='ocrx_word' id='word_1_174' title='bbox 1192 2059 1263 2105; x_wconf 83' lang='lat'>86),</span> <span class='ocrx_word' id='word_1_175' title='bbox 1280 2059 1346 2105; x_wconf 91' lang='lat' dir='ltr'>qui</span> <span class='ocrx_word' id='word_1_176' title='bbox 1361 2058 1585 2095; x_wconf 83' lang='lat' dir='ltr'>mentionne</span> <span class='ocrx_word' id='word_1_177' title='bbox 1600 2063 1699 2095; x_wconf 81' lang='lat' dir='ltr'>cette</span> 
     </span>
     <span class='ocr_line' id='line_1_24' title="bbox 291 2115 985 2163; baseline -0.004 -9"><span class='ocrx_word' id='word_1_178' title='bbox 291 2118 466 2161; x_wconf 79' lang='lat' dir='ltr'>reunion,</span> <span class='ocrx_word' id='word_1_179' title='bbox 489 2118 576 2153; x_wconf 90' lang='lat' dir='ltr'>n’en</span> <span class='ocrx_word' id='word_1_180' title='bbox 596 2117 722 2153; x_wconf 87' lang='lat' dir='ltr'>donne</span> <span class='ocrx_word' id='word_1_181' title='bbox 744 2127 810 2163; x_wconf 84' lang='lat' dir='ltr'>pas</span> <span class='ocrx_word' id='word_1_182' title='bbox 832 2116 867 2151; x_wconf 83' lang='lat' dir='ltr'>la</span> <span class='ocrx_word' id='word_1_183' title='bbox 887 2115 985 2151; x_wconf 82' lang='lat' dir='ltr'>date.</span> 
     </span>
    </p>

    <p class='ocr_par' dir='ltr' id='par_1_6' title="bbox 291 2180 1698 2402">
     <span class='ocr_line' id='line_1_25' title="bbox 335 2180 1698 2228; baseline -0.002 -9"><span class='ocrx_word' id='word_1_184' title='bbox 335 2184 370 2220; x_wconf 49' lang='grc' dir='ltr'>(Ζ.</span> <span class='ocrx_word' id='word_1_185' title='bbox 392 2183 490 2219; x_wconf 86' lang='lat' dir='ltr'>Jean</span> <span class='ocrx_word' id='word_1_186' title='bbox 510 2183 659 2219; x_wconf 86' lang='lat' dir='ltr'>Rousse</span> <span class='ocrx_word' id='word_1_187' title='bbox 679 2181 784 2227; x_wconf 72' lang='lat' dir='ltr'>etant,</span> <span class='ocrx_word' id='word_1_188' title='bbox 802 2181 956 2217; x_wconf 86' lang='lat' dir='ltr'>suivant</span> <span class='ocrx_word' id='word_1_189' title='bbox 971 2181 1004 2216; x_wconf 89' lang='lat' dir='ltr'>le</span> <span class='ocrx_word' id='word_1_190' title='bbox 1019 2180 1222 2228; x_wconf 80' lang='lat' dir='ltr'>Religieux</span> <span class='ocrx_word' id='word_1_191' title='bbox 1238 2181 1282 2217; x_wconf 92' lang='lat' dir='ltr'>de</span> <span class='ocrx_word' id='word_1_192' title='bbox 1304 2180 1583 2228; x_wconf 79' lang='lat' dir='ltr'>Saint-Denys,</span> <span class='ocrx_word' id='word_1_193' title='bbox 1599 2180 1698 2217; x_wconf 82' lang='lat' dir='ltr'>natis</span> 
     </span>
     <span class='ocr_line' id='line_1_26' title="bbox 292 2238 1698 2287; baseline -0.002 -10"><span class='ocrx_word' id='word_1_194' title='bbox 292 2241 553 2287; x_wconf 78' lang='lat' dir='ltr'>d&#39;Abbeville3</span> <span class='ocrx_word' id='word_1_195' title='bbox 576 2251 618 2276; x_wconf 87' lang='lat' dir='ltr'>ce</span> <span class='ocrx_word' id='word_1_196' title='bbox 639 2240 894 2286; x_wconf 86' lang='lat' dir='ltr'>chroniqueur</span> <span class='ocrx_word' id='word_1_197' title='bbox 918 2250 966 2275; x_wconf 90' lang='lat' dir='ltr'>ne</span> <span class='ocrx_word' id='word_1_198' title='bbox 987 2239 1043 2275; x_wconf 86' lang='lat' dir='ltr'>dit</span> <span class='ocrx_word' id='word_1_199' title='bbox 1064 2250 1130 2286; x_wconf 87' lang='lat' dir='ltr'>pas</span> <span class='ocrx_word' id='word_1_200' title='bbox 1156 2239 1250 2286; x_wconf 88' lang='lat' dir='ltr'>qu&#39;il</span> <span class='ocrx_word' id='word_1_201' title='bbox 1270 2239 1455 2285; x_wconf 67' lang='lat' dir='ltr'>professat</span> <span class='ocrx_word' id='word_1_202' title='bbox 1479 2249 1528 2274; x_wconf 88' lang='lat' dir='ltr'>au</span> <span class='ocrx_word' id='word_1_203' title='bbox 1556 2238 1698 2286; x_wconf 79' lang='lat' dir='ltr'>college</span> 
     </span>
     <span class='ocr_line' id='line_1_27' title="bbox 291 2297 1695 2344; baseline -0.002 -8"><span class='ocrx_word' id='word_1_204' title='bbox 291 2301 342 2336; x_wconf 86' lang='lat' dir='ltr'>du</span> <span class='ocrx_word' id='word_1_205' title='bbox 363 2299 532 2336; x_wconf 83' lang='lat' dir='ltr'>cardinal</span> <span class='ocrx_word' id='word_1_206' title='bbox 548 2300 600 2335; x_wconf 85' lang='lat' dir='ltr'>Le</span> <span class='ocrx_word' id='word_1_207' title='bbox 621 2299 762 2335; x_wconf 88' lang='lat' dir='ltr'>Moine.</span> <span class='ocrx_word' id='word_1_208' title='bbox 782 2299 857 2334; x_wconf 80' lang='lat' dir='ltr'>Sur</span> <span class='ocrx_word' id='word_1_209' title='bbox 869 2299 967 2334; x_wconf 79' lang='lat' dir='ltr'>Jean</span> <span class='ocrx_word' id='word_1_210' title='bbox 983 2299 1145 2341; x_wconf 83' lang='lat' dir='ltr'>Rousse,</span> <span class='ocrx_word' id='word_1_211' title='bbox 1161 2298 1245 2334; x_wconf 86' lang='lat' dir='ltr'>voir</span> <span class='ocrx_word' id='word_1_212' title='bbox 1259 2298 1410 2333; x_wconf 84' lang='lat' dir='ltr'>Denifle</span> <span class='ocrx_word' id='word_1_213' title='bbox 1425 2302 1461 2334; x_wconf 81' lang='lat' dir='ltr'>et</span> <span class='ocrx_word' id='word_1_214' title='bbox 1481 2297 1695 2344; x_wconf 83' lang='lat' dir='ltr'>Chatelain,</span> 
     </span>
     <span class='ocr_line' id='line_1_28' title="bbox 296 2356 1487 2402; baseline -0.002 -8"><span class='ocrx_word' id='word_1_215' title='bbox 296 2359 583 2395; x_wconf 76' lang='lat' dir='ltr'>Chartularium</span> <span class='ocrx_word' id='word_1_216' title='bbox 607 2358 858 2393; x_wconf 79' lang='lat' dir='ltr'>Universitatis</span> <span class='ocrx_word' id='word_1_217' title='bbox 879 2358 1112 2397; x_wconf 64' lang='lat' dir='ltr'>Parmensis,</span> <span class='ocrx_word' id='word_1_218' title='bbox 1136 2361 1163 2392; x_wconf 87' lang='lat' dir='ltr'>t.</span> <span class='ocrx_word' id='word_1_219' title='bbox 1185 2356 1257 2402; x_wconf 91' lang='lat' dir='ltr'>III,</span> <span class='ocrx_word' id='word_1_220' title='bbox 1279 2357 1301 2392; x_wconf 72' lang='lat' dir='ltr'>a</span> <span class='ocrx_word' id='word_1_221' title='bbox 1320 2356 1356 2392; x_wconf 86' lang='lat' dir='ltr'>la</span> <span class='ocrx_word' id='word_1_222' title='bbox 1375 2356 1487 2392; x_wconf 83' lang='lat' dir='ltr'>table.</span> 
     </span>
    </p>

    <p class='ocr_par' dir='ltr' id='par_1_7' title="bbox 339 2420 666 2458">
     <span class='ocr_line' id='line_1_29' title="bbox 339 2420 666 2458; baseline -0.009 0"><span class='ocrx_word' id='word_1_223' title='bbox 339 2422 371 2458; x_wconf 83' lang='lat'>3.</span> <span class='ocrx_word' id='word_1_224' title='bbox 395 2420 458 2456; x_wconf 87' lang='lat' dir='ltr'>Au</span> <span class='ocrx_word' id='word_1_225' title='bbox 480 2420 666 2456; x_wconf 74' lang='lat' dir='ltr'>Chatelet.</span> 
     </span>
    </p>

    <p class='ocr_par' dir='ltr' id='par_1_8' title="bbox 290 2484 1696 2826">
     <span class='ocr_line' id='line_1_30' title="bbox 337 2484 1693 2532; baseline -0.001 -10"><span class='ocrx_word' id='word_1_226' title='bbox 337 2487 371 2522; x_wconf 83' lang='lat'>4.</span> <span class='ocrx_word' id='word_1_227' title='bbox 393 2486 489 2522; x_wconf 81' lang='lat' dir='ltr'>Jean</span> <span class='ocrx_word' id='word_1_228' title='bbox 512 2485 662 2521; x_wconf 88' lang='lat' dir='ltr'>Rousse</span> <span class='ocrx_word' id='word_1_229' title='bbox 682 2484 796 2532; x_wconf 82' lang='lat' dir='ltr'>partit</span> <span class='ocrx_word' id='word_1_230' title='bbox 816 2495 911 2531; x_wconf 89' lang='lat' dir='ltr'>pour</span> <span class='ocrx_word' id='word_1_231' title='bbox 933 2484 1057 2520; x_wconf 87' lang='lat' dir='ltr'>Rome</span> <span class='ocrx_word' id='word_1_232' title='bbox 1077 2484 1142 2520; x_wconf 82' lang='lat' dir='ltr'>des</span> <span class='ocrx_word' id='word_1_233' title='bbox 1161 2484 1253 2531; x_wconf 86' lang='lat' dir='ltr'>qu’il</span> <span class='ocrx_word' id='word_1_234' title='bbox 1283 2484 1340 2520; x_wconf 79' lang='lat' dir='ltr'>fut</span> <span class='ocrx_word' id='word_1_235' title='bbox 1368 2484 1443 2520; x_wconf 87' lang='lat' dir='ltr'>mis</span> <span class='ocrx_word' id='word_1_236' title='bbox 1471 2495 1518 2520; x_wconf 90' lang='lat' dir='ltr'>en</span> <span class='ocrx_word' id='word_1_237' title='bbox 1547 2484 1693 2521; x_wconf 80' lang='lat' dir='ltr'>liberte.</span> 
     </span>
     <span class='ocr_line' id='line_1_31' title="bbox 292 2543 1696 2590; baseline 0 -11"><span class='ocrx_word' id='word_1_238' title='bbox 292 2544 448 2590; x_wconf 82' lang='lat' dir='ltr'>D&#39;apres</span> <span class='ocrx_word' id='word_1_239' title='bbox 468 2543 503 2579; x_wconf 93' lang='lat' dir='ltr'>le</span> <span class='ocrx_word' id='word_1_240' title='bbox 523 2543 724 2590; x_wconf 81' lang='lat' dir='ltr'>Religieux</span> <span class='ocrx_word' id='word_1_241' title='bbox 744 2543 789 2579; x_wconf 89' lang='lat' dir='ltr'>de</span> <span class='ocrx_word' id='word_1_242' title='bbox 811 2543 1076 2590; x_wconf 82' lang='lat' dir='ltr'>Saint-Denys</span> <span class='ocrx_word' id='word_1_243' title='bbox 1092 2544 1131 2589; x_wconf 86' lang='lat' dir='ltr'>(t.</span> <span class='ocrx_word' id='word_1_244' title='bbox 1148 2544 1179 2588; x_wconf 90' lang='lat' dir='ltr'>I,</span> <span class='ocrx_word' id='word_1_245' title='bbox 1196 2555 1231 2589; x_wconf 86' lang='lat' dir='ltr'>p.</span> <span class='ocrx_word' id='word_1_246' title='bbox 1249 2543 1321 2589; x_wconf 66' lang='lat'>88),</span> <span class='ocrx_word' id='word_1_247' title='bbox 1336 2543 1372 2579; x_wconf 87' lang='lat' dir='ltr'>la</span> <span class='ocrx_word' id='word_1_248' title='bbox 1385 2543 1519 2579; x_wconf 77' lang='lat' dir='ltr'>liberte</span> <span class='ocrx_word' id='word_1_249' title='bbox 1533 2543 1579 2579; x_wconf 93' lang='lat' dir='ltr'>de</span> <span class='ocrx_word' id='word_1_250' title='bbox 1598 2544 1696 2579; x_wconf 87' lang='lat' dir='ltr'>Jean</span> 
     </span>
     <span class='ocr_line' id='line_1_32' title="bbox 293 2601 1695 2649; baseline 0 -11"><span class='ocrx_word' id='word_1_251' title='bbox 293 2602 441 2639; x_wconf 87' lang='lat' dir='ltr'>Rousse</span> <span class='ocrx_word' id='word_1_252' title='bbox 463 2613 510 2638; x_wconf 90' lang='lat' dir='ltr'>ne</span> <span class='ocrx_word' id='word_1_253' title='bbox 532 2602 590 2638; x_wconf 79' lang='lat' dir='ltr'>fut</span> <span class='ocrx_word' id='word_1_254' title='bbox 609 2602 773 2638; x_wconf 84' lang='lat' dir='ltr'>obtenue</span> <span class='ocrx_word' id='word_1_255' title='bbox 793 2613 861 2648; x_wconf 83' lang='lat' dir='ltr'>par</span> <span class='ocrx_word' id='word_1_256' title='bbox 883 2601 1129 2638; x_wconf 77' lang='lat' dir='ltr'>l&#39;Universite</span> <span class='ocrx_word' id='word_1_257' title='bbox 1157 2602 1270 2648; x_wconf 90' lang='lat' dir='ltr'>qu’en</span> <span class='ocrx_word' id='word_1_258' title='bbox 1299 2602 1466 2649; x_wconf 78' lang='lat' dir='ltr'>echange</span> <span class='ocrx_word' id='word_1_259' title='bbox 1487 2601 1531 2637; x_wconf 90' lang='lat' dir='ltr'>de</span> <span class='ocrx_word' id='word_1_260' title='bbox 1551 2601 1587 2638; x_wconf 83' lang='lat' dir='ltr'>la</span> <span class='ocrx_word' id='word_1_261' title='bbox 1607 2613 1695 2648; x_wconf 88' lang='lat' dir='ltr'>pro-</span> 
     </span>
     <span class='ocr_line' id='line_1_33' title="bbox 294 2659 1694 2708; baseline -0.001 -12"><span class='ocrx_word' id='word_1_262' title='bbox 294 2672 417 2697; x_wconf 87' lang='lat' dir='ltr'>messe</span> <span class='ocrx_word' id='word_1_263' title='bbox 438 2660 573 2708; x_wconf 89' lang='lat' dir='ltr'>qu&#39;elle</span> <span class='ocrx_word' id='word_1_264' title='bbox 595 2660 811 2697; x_wconf 77' lang='lat' dir='ltr'>adhererait</span> <span class='ocrx_word' id='word_1_265' title='bbox 825 2672 846 2696; x_wconf 77' lang='lat' dir='ltr'>a</span> <span class='ocrx_word' id='word_1_266' title='bbox 861 2660 1056 2707; x_wconf 81' lang='lat' dir='ltr'>Clement3</span> <span class='ocrx_word' id='word_1_267' title='bbox 1072 2671 1120 2696; x_wconf 88' lang='lat' dir='ltr'>en</span> <span class='ocrx_word' id='word_1_268' title='bbox 1140 2662 1266 2696; x_wconf 81' lang='lat' dir='ltr'>meme</span> <span class='ocrx_word' id='word_1_269' title='bbox 1288 2666 1426 2707; x_wconf 79' lang='lat' dir='ltr'>temps,</span> <span class='ocrx_word' id='word_1_270' title='bbox 1441 2659 1475 2696; x_wconf 90' lang='lat' dir='ltr'>le</span> <span class='ocrx_word' id='word_1_271' title='bbox 1489 2660 1562 2696; x_wconf 90' lang='lat' dir='ltr'>duc</span> <span class='ocrx_word' id='word_1_272' title='bbox 1579 2659 1694 2695; x_wconf 90' lang='lat' dir='ltr'>d&#39;An-</span> 
     </span>
     <span class='ocr_line' id='line_1_34' title="bbox 290 2719 1696 2767; baseline -0.001 -11"><span class='ocrx_word' id='word_1_273' title='bbox 290 2720 356 2767; x_wconf 80' lang='lat' dir='ltr'>J&#39;ou</span> <span class='ocrx_word' id='word_1_274' title='bbox 387 2720 526 2756; x_wconf 82' lang='lat' dir='ltr'>intima</span> <span class='ocrx_word' id='word_1_275' title='bbox 545 2720 567 2756; x_wconf 76' lang='lat' dir='ltr'>a</span> <span class='ocrx_word' id='word_1_276' title='bbox 587 2719 833 2756; x_wconf 81' lang='lat' dir='ltr'>l&#39;Universite</span> <span class='ocrx_word' id='word_1_277' title='bbox 860 2719 896 2755; x_wconf 82' lang='lat' dir='ltr'>la</span> <span class='ocrx_word' id='word_1_278' title='bbox 924 2719 1078 2756; x_wconf 80' lang='lat' dir='ltr'>defense</span> <span class='ocrx_word' id='word_1_279' title='bbox 1105 2720 1152 2756; x_wconf 86' lang='lat' dir='ltr'>de</span> <span class='ocrx_word' id='word_1_280' title='bbox 1181 2719 1373 2766; x_wconf 86' lang='lat' dir='ltr'>s&#39;occuper</span> <span class='ocrx_word' id='word_1_281' title='bbox 1401 2730 1449 2756; x_wconf 94' lang='lat' dir='ltr'>ou</span> <span class='ocrx_word' id='word_1_282' title='bbox 1477 2719 1524 2756; x_wconf 85' lang='lat' dir='ltr'>de</span> <span class='ocrx_word' id='word_1_283' title='bbox 1551 2719 1696 2756; x_wconf 87' lang='lat' dir='ltr'>concile</span> 
     </span>
     <span class='ocr_line' id='line_1_35' title="bbox 295 2778 934 2826; baseline 0.002 -13"><span class='ocrx_word' id='word_1_284' title='bbox 295 2778 446 2825; x_wconf 73' lang='lat' dir='ltr'>general</span> <span class='ocrx_word' id='word_1_285' title='bbox 467 2790 515 2815; x_wconf 90' lang='lat' dir='ltr'>ou</span> <span class='ocrx_word' id='word_1_286' title='bbox 536 2779 736 2816; x_wconf 74' lang='lat' dir='ltr'>d’election</span> <span class='ocrx_word' id='word_1_287' title='bbox 754 2778 804 2814; x_wconf 89' lang='lat' dir='ltr'>du</span> <span class='ocrx_word' id='word_1_288' title='bbox 826 2789 934 2826; x_wconf 83' lang='lat' dir='ltr'>pape.</span> 
     </span>
    </p>
   </div>
  </div>
 </body>
</html>
