1941 3294
364 323 428 359 158
631 323 998 357 CHRONOGRAPHIA
1024 321 1176 354 REGUM
1200 319 1476 353 FRANCORUM.
1647 315 1752 363 [1398

425 401 569 465 Hujus
597 417 750 457 causa,
777 405 1010 447 commota
1037 404 1107 444 est
1133 398 1284 444 omnis
1308 395 1616 444 communitas
1645 395 1754 442 ville

359 484 498 541 atque
523 477 776 525 cardinales
796 475 961 539 prefati
988 473 1067 537 qui
1093 473 1152 521 de
1177 473 1352 536 palacio
1377 471 1602 527 exierant,
1631 471 1754 534 capti

359 561 405 602 et
433 554 608 602 detenti
633 559 739 600 sunt
767 570 793 599 a
821 549 1101 598 marescallis
1126 549 1370 613 capitanei,
1402 563 1604 610 quorum
1633 564 1754 594 unus

357 630 611 677 vocabatur
636 632 798 676 Petrus
827 627 1020 673 Baleson
1043 630 1089 671 et
1114 625 1230 672 alter
1254 623 1557 672 Buchicaldus
1578 622 1751 686 junior,

357 704 501 752 frater
521 703 774 751 marescalli
793 701 982 749 Francie
1000 699 1307 747 Buchicaldi1.
1328 699 1460 747 Ducti
1477 704 1586 745 sunt
1599 704 1755 745 autem

357 780 612 829 cardinales
633 780 690 826 de
711 778 979 840 Pampilona
993 776 1111 824 etde
1129 780 1296 824 Sancto
1313 776 1516 824 Adriano
1535 775 1582 822 in
1607 774 1758 837 quod-

357 857 466 904 dam
483 856 723 904 castellum
742 855 789 901 in
805 854 1048 901 Provincia
1065 854 1191 916 quod
1212 859 1405 900 vocatur
1420 851 1754 908 Borbonium2,

357 934 567 996 alterque
592 931 816 978 remansit
841 930 888 976 in
912 937 1041 977 turre
1067 930 1126 977 de
1151 930 1344 977 Murolio
1375 947 1384 976 :
1416 945 1579 976 omnes
1611 944 1760 990 usque

358 1009 416 1056 ad
440 1009 577 1072 hujus
599 1023 766 1072 guerre
792 1005 1240 1054 consummationem
1258 1005 1522 1069 prisionarii
1541 1020 1760 1068 perman-

359 1090 538 1132 serunt.

422 1169 640 1213 Preterea
671 1169 777 1211 ante
808 1162 1090 1226 principium
1122 1162 1259 1226 hujus
1291 1178 1479 1226 guerre,
1512 1162 1643 1224 quasi
1675 1177 1762 1224 per

358 1242 649 1289 semiannum
685 1241 1043 1288 communitates
1085 1239 1325 1286 civitatum
1363 1244 1410 1285 et
1450 1238 1665 1286 villarum
1703 1237 1762 1285 de

358 1318 598 1366 Provincia
623 1317 909 1365 obsederunt
929 1316 1167 1363 castellum
1195 1315 1252 1362 de
1278 1316 1455 1370 Baux3,
1480 1314 1607 1377 quod
1633 1320 1763 1361 tene-

360 1394 471 1442 bant
497 1394 707 1442 homines
733 1393 908 1441 domini
939 1391 1202 1456 Raymundi
1225 1392 1283 1439 de
1310 1391 1538 1438 Turonia4
1572 1389 1677 1455 (sio)
1710 1407 1764 1437 ac

359 1470 682 1517 concluserant
724 1485 886 1516 omnes
923 1468 1162 1515 districtus
1197 1466 1544 1529 passagiorum,
1584 1481 1762 1528 eosque

359 1546 820 1593 circumvallaverant
845 1544 1034 1607 optimis
1054 1542 1438 1607 propugnaculis.

426 1630 654 1690 Tempore
674 1643 787 1673 vero
813 1626 1021 1689 predicte
1049 1641 1236 1689 guerre,
1266 1623 1616 1687 prenominatus
1641 1626 1762 1686 Ray-

359 1703 562 1751 mundus
587 1719 694 1750 cum
719 1701 1023 1765 septingentis
1050 1700 1219 1748 lanceis
1239 1700 1417 1764 appulit
1437 1699 1496 1746 ad
1513 1699 1761 1762 quoddam

361 1880 426 1928 qui
446 1890 486 1916 se
513 1878 757 1927 repandirent
782 1882 937 1925 partout
957 1887 1007 1913 en
1027 1876 1152 1914 criant
1176 1889 1183 1912 :
1209 1890 1225 1910 <‹
1250 1875 1349 1913 Viva
1365 1876 1401 1912 lo
1422 1876 1526 1923 Papa
1546 1875 1724 1923 Benezeg
1748 1889 1762 1910 »

361 1939 474 1984 (Bibl.
491 1944 586 1984 nat„
609 1937 718 1974 fonds
742 1937 862 1984 franc.
887 1936 993 1982 5728,
1016 1935 1081 1972 fol.
1104 1935 1144 1971 31
1170 1936 1231 1982 r0).

410 2006 442 2040 1.
466 2004 668 2039 Peut-etre
689 2002 812 2038 Pedro
833 2001 878 2037 de
897 2001 1076 2037 Velasco‚
1099 1999 1199 2036 C’est
1225 1999 1315 2036 bien
1343 1999 1572 2046 Boucicaut,
1593 1999 1694 2035 frere
1715 1998 1765 2034 du

362 2062 577 2107 marechal,
611 2061 676 2108 qui
709 2061 883 2107 assiegea
912 2059 1050 2095 Benoit
1082 2058 1200 2104 XHI,
1233 2064 1270 2095 et
1296 2069 1374 2094 non
1401 2058 1435 2094 le
1461 2058 1660 2094 marechal
1692 2057 1768 2093 lui-

361 2122 503 2167 meme,
531 2130 681 2157 comme
707 2119 761 2154 dit
784 2119 979 2155 Froissart
995 2118 1065 2163 (e'd.
1083 2118 1245 2165 Kervyn
1260 2117 1305 2153 de
1322 2117 1576 2163 Lettenhove,
1597 2122 1626 2153 t.
1650 2116 1764 2163 XVI,

363 2191 398 2227 p.
436 2180 498 2215 121
535 2185 572 2214 et
605 2178 699 2221 125).
740 2176 795 2213 Cf.
829 2178 988 2212 Journal
1025 2178 1066 2211 de
1105 2178 1143 2212 B.
1177 2178 1337 2221 Boysset,
1372 2175 1476 2212 Bihl.
1516 2181 1613 2222 nat.,
1655 2175 1765 2212 fonds

363 2239 483 2286 franc.
508 2237 612 2283 5728,
635 2237 698 2273 fol.
720 2236 764 2272 30
783 2243 836 2272 v0.

410 2304 445 2340 2.
468 2302 658 2347 Boulbon,
680 2299 1107 2345 Bouches-du-Rhone,
1135 2310 1210 2335 arr.
1233 2298 1400 2346 d’Arles,
1422 2305 1523 2336 cant.
1552 2300 1598 2336 de
1626 2300 1768 2337 Taras-

365 2373 437 2400 con
454 2362 520 2407 (Cf.
538 2359 729 2397 Bertrand
743 2360 922 2406 Boysset,
938 2358 1038 2394 Bibl.
1056 2364 1153 2404 nat.,
1169 2358 1279 2394 fonds
1298 2358 1417 2407 franc.
1435 2360 1542 2406 5728,
1558 2359 1621 2396 fol.
1639 2359 1683 2396 30
1697 2364 1767 2405 νῦ).

412 2427 446 2463 3.
469 2427 543 2463 Les
563 2426 690 2472 Baux,
712 2423 1139 2467 Bouches-du-Rhone‚
1164 2435 1238 2459 arr.
1261 2423 1428 2470 d'Arles,
1451 2429 1554 2460 cant.
1571 2423 1617 2460 de
1639 2423 1770 2460 Saint-

368 2486 509 2533 Remy.

414 2553 446 2587 4.
472 2548 678 2598 Raymond
698 2548 743 2584 de
762 2548 958 2583 Turenne.
981 2547 1055 2583 Sur
1076 2557 1119 2583 ce
1141 2551 1320 2582 remuant
1340 2557 1595 2593 personnage,
1618 2545 1702 2582 voir
1721 2557 1770 2582 en

368 2609 590 2657 particulier
610 2608 644 2645 le
663 2609 822 2643 Journal
843 2607 883 2641 de
903 2607 994 2641 Jean
1023 2607 1063 2641 Le
1093 2605 1202 2640 Fbvre
1229 2611 1267 2640 et
1295 2616 1349 2640 un
1375 2604 1536 2641 curieux
1565 2603 1698 2640 article
1725 2604 1771 2640 de

369 2670 421 2705 M.
451 2667 603 2713 Valois,
632 2666 785 2702 intitule
812 2666 1002 2710 Raymond
1032 2665 1073 2699 cle
1103 2666 1269 2700 Turenne
1296 2668 1328 2699 et
1361 2666 1408 2699 les
1433 2674 1543 2709 papes
1570 2664 1772 2708 d’sz‘ynon

372 2727 759 2770 (Annuaire-Bulletin
779 2726 820 2760 de
841 2727 877 2760 la
897 2724 1031 2761 societ&
1045 2724 1085 2758 de
1103 2723 1285 2759 l'Hz'stoz're
1299 2725 1341 2759 de
1355 2725 1502 2767 France,
1521 2723 1648 2758 annee
1665 2722 1770 2766 1889,

372 2798 408 2834 p.
431 2786 526 2825 215».
