1941 3294
331 253 398 290 258
601 254 968 287 CHRONOGRAPHIA
993 253 1145 286 REGUM
1168 253 1446 286 FRANCORUM.
1616 251 1720 297 [1405

328 349 433 381 rum
459 348 546 396 pro
572 331 642 378 sui
662 346 945 393 suorumque
970 345 1023 376 ac
1047 329 1194 377 tocius
1217 329 1429 377 Flandrie
1451 330 1714 387 securitate,

326 409 365 456 si
379 408 558 472 Anglici
582 406 780 470 amplius
806 406 893 453 sibi
910 410 956 452 et
973 404 1068 452 suis
1087 404 1134 452 in
1150 405 1412 453 Flandriam
1438 405 1721 467 inquietudi-

324 501 433 532 nem
463 484 755 548 ingererent3
796 481 878 529 sed
909 481 1016 544 quia
1049 481 1156 528 inde
1188 482 1359 529 nullam
1393 482 1720 545 apparenciam

325 561 455 618 vidit,
487 577 578 607 non
605 559 683 607 diu
709 558 811 605 illos
836 573 954 619 quos
980 557 1217 604 mandavit
1237 556 1451 604 detinuit.

386 636 558 684 Deinde
614 633 840 683 Calesium
891 632 1106 679 obsidere
1150 634 1310 680 volens
1327 671 1337 690 ‚
1395 632 1720 680 ambaxatores

321 730 430 760 suos
461 712 586 759 misit
618 710 820 757 Parisius
854 708 914 755 ad
946 708 1111 756 ducem
1135 710 1511 756 Aurelianensem
1537 714 1582 755 et
1609 725 1720 756 con-

320 790 472 836 silium
505 789 645 852 regis,
675 785 920 848 requirens
951 791 1146 848 propter
1178 785 1265 833 hoc
1297 785 1383 833 sibi
1420 785 1542 832 tradi
1572 785 1719 832 finan-

320 862 412 909 cias
437 868 575 924 atque
601 859 767 907 auxilia
786 877 796 915 ;
819 858 900 906 sed
921 858 979 905 de
999 858 1087 905 hiis
1107 859 1323 906 omnibus
1339 858 1546 906 breviter
1562 858 1719 921 repul-

318 954 416 984 sam
443 954 607 1001 passus
633 941 720 984 est.
751 939 916 983 Postea
940 951 1054 981 vero
1080 934 1138 982 de
1163 935 1375 982 Flandria
1400 935 1641 992 recedens,
1671 939 1718 981 et

316 1014 433 1061 hanc
465 1013 703 1076 repulsam
737 1028 846 1076 egre
884 1011 1061 1068 ferens,
1103 1011 1231 1058 venit
1267 1014 1473 1059 Duacum
1507 1011 1587 1058 ubi
1618 1014 1718 1057 erat

315 1090 514 1146 ducissa,
545 1106 665 1137 uxor
693 1105 792 1146 sua,
822 1093 867 1135 et
893 1088 1066 1135 ibidem
1092 1103 1197 1134 cum
1228 1087 1323 1135 suis
1348 1087 1541 1152 agendis
1566 1088 1717 1135 consi-

315 1166 426 1213 lium
451 1165 660 1213 habuit1.

379 1243 508 1291 Circa
534 1242 659 1290 idem
684 1247 887 1304 tempus,
913 1240 1006 1288 duo
1033 1239 1241 1288 officiarii
1261 1239 1385 1303 regis
1411 1242 1712 1296 Francorum,

313 1319 609 1367 marescallus
635 1317 849 1365 videlicet
880 1317 938 1364 de
968 1316 1113 1364 Ριίνο2
1141 1322 1186 1363 et
1211 1316 1431 1380 magister
1457 1315 1716 1363 balistario-

313 1413 419 1443 rum
450 1395 686 1452 Francie3‚
710 1394 845 1457 jussu
877 1392 1086 1457 ejusdem
1112 1393 1235 1457 regis
1261 1398 1307 1439 et
1333 1392 1378 1439 in
1410 1392 1509 1456 ejus
1539 1409 1716 1455 expen-

313 1473 376 1520 sis
419 1472 478 1519 ad
528 1470 895 1519 succurrendum
936 1469 1244 1518 Wallensibus
1291 1474 1452 1515 contra
1495 1468 1714 1532 Anglicos

314 1549 445 1611 quasi
473 1548 557 1612 xij*
589 1553 904 1611 pugnatorum
929 1545 1017 1592 sibi
1048 1545 1313 1592 asciverunt
1338 1550 1386 1591 et
1412 1544 1457 1590 in
1483 1545 1715 1591 Britannia

311 1630 466 1688 aptata
491 1624 652 1680 classe,
677 1623 723 1670 in
749 1640 841 1686 qua
867 1627 999 1670 erant
1024 1622 1155 1685 quasi
1182 1627 1369 1668 centum
1392 1620 1554 1684 viginti
1573 1637 1716 1668 naves

310 1701 475 1757 velate,
505 1700 551 1746 in
578 1705 716 1763 portu
749 1699 808 1746 de
839 1702 972 1746 Brest
1005 1715 1133 1746 mare
1168 1698 1491 1745 intraverunt4
1516 1702 1562 1744 et
1589 1698 1716 1744 navi-

309 1784 489 1841 gantes,
513 1793 598 1840 pre
618 1775 798 1823 defectu
817 1781 1066 1822 ventorum
1092 1791 1178 1838 per
1197 1780 1338 1825 xvmam
1359 1779 1588 1822 steterunt
1607 1779 1713 1821 ante

308 1856 526 1901 Sanctum
552 1853 782 1901 Matheum
808 1852 866 1899 de
887 1851 1273 1915 Fineposterne5.

357 2020 390 2054 1.
412 2018 512 2068 Jean
546 2016 772 2053 Sans-Peur
802 2016 927 2053 arriva
957 2016 978 2052 a
1008 2016 1133 2052 Douai
1172 2016 1207 2051 le
1245 2015 1290 2052 25
1319 2015 1403 2061 juin
1440 2014 1529 2051 1405
1562 2018 1599 2051 et,
1630 2014 1657 2050 il
1689 2026 1715 2062 y

311 2076 686 2124 sejournajusqu'au
709 2076 751 2112 16
769 2075 895 2122 juillet
917 2076 1035 2121 (Ibid.,
1059 2086 1095 2122 p.
1119 2075 1213 2121 349).
1236 2075 1288 2111 Le
1310 2075 1349 2111 11
1373 2085 1423 2111 on
1444 2074 1478 2111 le
1498 2078 1675 2111 retrouve
1695 2074 1716 2110 a

311 2136 436 2173 Douai
460 2137 507 2182 (p.
532 2135 628 2181 359).

356 2194 390 2231 2.
413 2194 513 2229 Jean
533 2192 578 2228 de
600 2192 741 2236 Rieux,
763 2191 961 2228 marechal
978 2191 1022 2227 de
1044 2191 1208 2228 France.

357 2253 390 2289 3.
414 2253 467 2288 Le
488 2251 626 2287 maitre
646 2251 711 2287 des
733 2250 977 2286 arhaletriers
998 2251 1090 2286 etaim
1112 2250 1212 2286 alors
1235 2250 1336 2286 Jean
1361 2250 1406 2287 de
1426 2250 1615 2298 Hangest,
1638 2250 1713 2287 sire

308 2311 599 2358 d'Heuqueville
622 2312 664 2356 (le
684 2311 800 2355 Sonqe
820 2310 1005 2352 ve'ritable,
1023 2309 1163 2345 extrait
1183 2308 1233 2345 du
1252 2314 1280 2346 t.
1304 2309 1422 2345 XVII
1441 2309 1506 2346 des
1526 2310 1713 2346 Me'moires

308 2372 349 2405 de
371 2373 406 2406 la
427 2371 563 2406 Societe'
579 2371 620 2405 de
643 2369 827 2405 L'Histoire
847 2370 888 2404 de
907 2370 1028 2412 Paris,
1050 2379 1086 2415 p.
1111 2368 1204 2415 ¹142).

355 2429 387 2463 4.
413 2428 489 2464 Sur
511 2432 609 2464 cette
638 2427 871 2474 expedition,
893 2426 975 2463 voir
996 2427 1203 2471 Chronique
1229 2428 1279 2462 du
1305 2428 1491 2472 Reliqieucc
1517 2427 1559 2462 de
1583 2426 1713 2463 Saint-

310 2489 428 2532 Danys
450 2489 488 2530 (t.
512 2487 583 2531 ΙΙΙ,
599 2497 635 2533 p.
660 2486 754 2530 322),
777 2486 841 2533 qui
862 2491 1019 2522 raconte
1041 2497 1114 2532 que
1135 2486 1189 2521 les
1209 2490 1365 2532 troupes
1386 2485 1714 2532 s'embarquerent

310 2557 396 2582 vers
419 2546 453 2581 la
473 2545 526 2581 fin
554 2545 599 2582 de
623 2545 747 2592 juillet
768 2549 805 2580 et
832 2544 988 2592 qu'elles
1016 2544 1255 2581 attendaient
1274 2544 1445 2591 pendant
1463 2555 1517 2579 un
1537 2544 1636 2580 mois
1660 2554 1712 2579 un

309 2609 403 2640 vent
420 2604 627 2639 favorable.
651 2603 707 2638 Cf.
732 2603 858 2639 Donet
879 2601 1033 2649 d'Arcq,
1051 2604 1164 2639 Choioe
1183 2604 1224 2638 cle
1240 2605 1355 2649 pirvos
1373 2603 1524 2638 ine'dz‘tes
1543 2603 1712 2638 relatives

309 2673 358 2697 au
379 2664 486 2706 νίψω
506 2663 547 2697 (Ie
569 2662 717 2698 Charles
745 2662 798 2702 VI,
822 2666 849 2696 t.
873 2660 904 2704 I,
926 2672 962 2707 p.
985 2660 1069 2697 268.

358 2721 390 2755 5.
415 2720 512 2756 (J‘est
533 2721 569 2755 la
589 2720 717 2766 pointe
738 2719 1061 2756 Saint-Mathieu.
