1941 3294
268 278 371 324 1405]
543 280 911 313 CHRONOGRAPHIA
937 280 1088 312 REGUM
1115 279 1391 311 FRANCORUM.
1597 277 1664 314 249

264 364 334 405 tas
354 357 600 404 fidelitates
620 356 772 404 eidem
792 356 1153 418 promiserunt1.
1179 357 1297 402 Sane
1315 355 1423 418 quia
1442 356 1501 403 ad
1518 355 1669 418 impo-

265 437 471 482 nendum
496 434 621 480 illam
647 439 904 496 pretactam
940 432 1146 479 ultimam
1178 432 1386 489 tailliam,
1416 438 1468 479 ut
1493 432 1671 480 dictum

264 513 351 565 est,
375 525 615 557 assensum
637 524 774 555 suum
793 524 884 554 non
903 508 1172 571 prebuerat,
1198 507 1494 570 litteramque
1519 508 1671 571 impo-

266 586 445 633 sitionis
484 585 693 649 ejusdem
735 584 988 631 munimine
1030 583 1099 630 sui
1145 583 1296 647 sigilli,
1341 599 1447 629 cum
1480 583 1578 630 aliis
1612 583 1670 630 de

265 663 392 726 regia
426 662 558 725 prole
584 667 628 708 et
655 677 825 725 magno
854 660 1046 707 consilio
1072 660 1195 724 regis
1221 659 1425 707 Parisius
1452 660 1530 707 ubi
1563 677 1671 707 cum

263 739 587 802 imponeretur
612 754 808 801 presens
832 743 949 793 erat,
979 754 1072 784 non
1102 737 1253 784 solum
1280 737 1505 784 roborare
1537 753 1671 784 recu-

264 821 465 871 saverat,
496 814 578 861 sed
609 820 653 862 et
678 814 722 860 in
749 814 966 861 omnibus
991 814 1131 861 terris
1162 813 1258 860 suis
1283 813 1328 859 in
1360 830 1507 877 regno
1533 813 1670 860 ubili-

263 891 341 938 bet
380 891 575 946 situatis,
618 890 796 953 prefata
834 890 933 954 ejus
973 896 1120 937 matre
1159 896 1361 946 mortua,
1402 890 1529 952 quod
1574 907 1667 937 non

262 968 524 1015 solveretur
558 967 879 1030 prohibuerat,
919 967 1037 1014 inter
1068 968 1223 1030 ipsum
1250 972 1297 1014 et
1322 967 1487 1014 ducem
1521 968 1668 1014 Aure-

259 1044 530 1099 lianensem,
552 1044 745 1092 fratrem
765 1044 907 1108 regis,
928 1060 1096 1107 magna
1117 1044 1326 1091 simultas
1347 1043 1660 1091 excandescit.

325 1123 384 1168 At
411 1138 525 1168 vero
545 1121 725 1184 prefato
747 1120 851 1168 duci
873 1121 1208 1176 Aurelianensi,
1233 1120 1292 1168 de
1319 1121 1475 1168 liberis
1495 1120 1668 1168 utrius-

261 1215 352 1260 que
386 1198 510 1261 regis
545 1205 590 1244 et
624 1197 755 1244 ducis
787 1197 1053 1260 Burgundie
1091 1197 1384 1244 matrimonia
1420 1197 1668 1260 displicue-

260 1281 384 1330 rant,
413 1275 615 1321 maxime
642 1274 772 1322 ducis
798 1274 1084 1336 Aequitanie,
1116 1274 1414 1337 primogeniti
1442 1274 1520 1320 filii
1547 1274 1670 1338 ejus-

260 1351 366 1398 dem
407 1351 532 1414 regis
573 1358 618 1398 et
662 1350 793 1397 ducis
836 1350 1148 1413 primogenite
1189 1351 1299 1396 filie.
1344 1350 1519 1396 Deinde
1561 1350 1667 1412 quia

258 1427 497 1474 voluntate
517 1444 571 1474 ac
589 1426 839 1474 traditione
865 1426 989 1490 regis
1009 1432 1055 1473 et
1081 1426 1257 1490 regine,
1288 1427 1519 1473 consortis
1545 1427 1662 1490 ejus,

258 1503 343 1550 sibi
365 1503 542 1567 pariter
561 1519 711 1566 nuper
732 1503 867 1559 facta,
892 1502 1099 1566 regimen
1120 1502 1253 1566 regni
1273 1502 1491 1557 habebat,
1519 1504 1669 1549 omni-

257 1580 346 1627 bus
378 1580 606 1643 requestis
637 1597 728 1642 que
759 1579 835 1626 illo
869 1579 1041 1627 Pascali
1075 1585 1287 1642 tempore
1315 1597 1435 1626 anno
1460 1587 1513 1627 Μ0
1529 1580 1665 1629 0000ο

258 1656 421 1719 quinto
457 1657 555 1720 regi
588 1673 669 1703 seu
696 1656 794 1720 ejus
821 1656 965 1719 regali
993 1656 1184 1703 consilio
1213 1656 1414 1703 Parisius
1447 1673 1531 1720 per
1558 1674 1667 1704 suos

257 1732 600 1779 ambaxiatores
640 1732 766 1778 idem
807 1732 903 1778 dux
938 1731 1227 1795 Burgundie,
1270 1748 1326 1779 eo
1367 1732 1411 1778 in
1454 1732 1667 1780 Flandria

255 1809 499 1865 existente,
529 1807 740 1863 faciebat,
773 1808 894 1855 dicta
916 1808 1148 1855 simultate
1171 1808 1538 1856 excandescente
1565 1809 1667 1856 obi-

256 1901 357 1931 cem
385 1900 435 1931 se
458 1885 679 1947 ponebat,
710 1885 806 1932 dux
836 1884 1104 1948 Burgundie
1138 1885 1384 1932 immodice
1419 1885 1573 1933 timuit
1604 1903 1664 1934 ne

256 1961 431 2008 dictum
459 1961 808 2008 matrimonium
834 1961 1117 2024 quandoque
1144 1961 1461 2024 disrumperet
1487 1968 1532 2009 et
1558 1978 1665 2026 pre-

255 2038 400 2084 fatum
419 2053 644 2101 generum
662 2055 797 2085 suum
814 2037 981 2084 ducem
1000 2038 1268 2101 Acquitanie
1283 2038 1389 2085 alibi
1404 2039 1659 2086 maritaret.

319 2117 536 2161 Preterea
570 2131 690 2160 anno
722 2120 970 2177 prenotato
1000 2114 1051 2161 M⁰
1067 2114 1202 2162 CCCC⁰
1217 2114 1282 2170 V⁰‚
1313 2131 1473 2161 mense
1505 2132 1659 2179 mayo,

254 2190 379 2237 dicto
423 2191 540 2238 duce
578 2191 845 2255 Burgundie
886 2191 930 2237 in
977 2191 1210 2247 Flandria,
1259 2199 1309 2238 ut
1352 2191 1528 2238 dictum
1572 2197 1659 2249 est,

254 2268 525 2325 existente2,
556 2268 849 2325 Walrandus,
873 2284 1031 2315 comes
1058 2268 1211 2316 Sancti
1232 2268 1406 2323 Pauli3,
1440 2285 1498 2316 ex
1525 2275 1659 2332 parte

301 2398 333 2433 ¹1.
355 2397 455 2433 Jean
477 2396 696 2432 Sans-Peur
715 2397 840 2433 arriva
860 2397 882 2433 a
903 2397 1015 2434 Gand
1036 2397 1070 2433 le
1092 2398 1135 2434 15
1156 2397 1253 2433 avril
1274 2402 1311 2434 et
1333 2409 1356 2444 y
1377 2397 1559 2445 sejourna
1582 2399 1661 2445 jus-

251 2455 363 2502 qu'au
397 2456 441 2492 <22
472 2455 586 2501 avri13
623 2457 732 2502 apres
765 2456 870 2492 avoir
897 2457 956 2492 ete
984 2456 1005 2491 ὲ
1034 2456 1252 2501 Bruxelles,
1280 2455 1307 2491 il
1335 2456 1459 2492 revint
1493 2456 1527 2493 le
1560 2457 1603 2494 ‘28
1638 2458 1659 2493 ἐι

253 2514 364 2550 Gand
385 2522 420 2550 et
442 2515 475 2550 le
498 2515 541 2551 30
561 2519 618 2550 est
640 2515 661 2549 a
683 2515 842 2562 Bruges.
860 2515 912 2551 Le
931 2516 971 2552 15
987 2516 1064 2551 mai
1078 2515 1104 2551 il
1120 2526 1230 2562 passe
1249 2515 1271 2551 εὶ
1286 2516 1410 2562 Ypres
1425 2521 1462 2552 et
1478 2522 1658 2553 retourne

252 2573 274 2608 a
294 2573 389 2609 Lille
411 2574 445 2609 le
470 2575 508 2609 11
529 2573 615 2620 juin
639 2574 759 2618 (lbid.,
783 2584 818 2620 p.
844 2573 938 2619 348).

299 2633 332 2668 2.
356 2631 408 2668 Ce
435 2633 497 2679 qui
527 2638 585 2668 est
612 2632 882 2679 parfaitement
908 2638 1034 2680 exact,
1057 2644 1208 2670 comme
1234 2644 1285 2669 on
1312 2633 1360 2669 l’a
1380 2645 1430 2669 vu
1457 2633 1552 2670 dans
1581 2646 1656 2670 une

252 2697 342 2728 note
362 2692 604 2738 precedente.

300 2750 331 2786 3.
350 2751 405 2786 Cf.
419 2751 655 2798 l'incomplet
669 2751 762 2787 recit
773 2751 823 2788 du
838 2751 1041 2799 Religieux
1054 2751 1098 2787 de
1112 2751 1652 2799 Saint-Denys,t.111‚p.258.
