1941 3294
369 339 436 376 140
645 339 1013 373 GHRONOGRAPHIA
1038 336 1191 369 REGUM
1215 335 1493 368 FRANCORUM.
1655 329 1760 377 [1397

366 437 484 477 sem,
513 435 654 483 quem
684 419 786 482 ipse
821 417 1034 465 Baizacus
1060 430 1222 462 eorum
1253 418 1447 460 noverat
1479 429 1579 459 esse
1613 412 1763 460 domi-

365 514 495 554 num,
525 503 572 543 et
601 495 713 543 alios
745 509 935 558 paucos,
975 507 1176 554 quorum
1207 490 1350 537 vitam
1386 488 1510 536 idem
1545 504 1702 536 comes
1737 506 1763 534 a

367 571 635 636 supradicto
662 570 850 618 Baizaco
876 583 981 616 cum
1008 566 1276 614 difficultate
1307 564 1525 620 obtinuit,
1558 569 1604 610 et
1632 568 1763 612 Jaco-

365 649 495 703 bum,
526 647 767 694 dominum
794 644 852 691 de
883 642 1100 698 Helliaco,
1129 641 1340 698 militem,
1366 640 1441 703 qui
1470 657 1494 686 a
1521 655 1630 686 casu
1654 655 1764 702 cap-

364 731 440 772 tus
478 723 563 770 fuit
604 739 631 768 a
669 721 872 784 quodam
916 717 1172 765 admiraldo
1213 720 1487 771 Turcorum,
1527 731 1633 762 cum
1668 731 1763 777 quo

364 801 564 848 habebat
606 797 823 845 noticiam
863 794 1156 857 specialem1‚
1199 793 1279 856 qui
1322 810 1348 839 a
1389 792 1577 839 Baizaco
1617 790 1763 837 vitam

366 877 463 940 ejus
486 875 573 922 sibi
600 874 699 920 dari
726 879 772 919 et
797 870 1012 934 poposcit
1038 876 1083 916 et
1106 869 1365 933 promeruit
1390 874 1436 915 et
1461 868 1527 915 sic
1546 867 1622 915 ille
1639 867 1765 930 peri-

365 952 519 999 culum
545 949 709 996 mortis
735 947 900 994 evasit.
1226 1006 1230 1014 ι

426 1026 601 1074 Deinde
635 1041 748 1072 vero
784 1039 941 1070 comes
976 1022 1274 1069 Nivernensis
1300 1026 1346 1067 et
1380 1018 1642 1083 concaptivi
1671 1018 1760 1074 sui,

359 1105 490 1169 jussu
522 1102 687 1166 prefati
718 1100 891 1148 Baizaci
928 1099 1054 1146 ducti
1088 1104 1195 1145 sunt
1231 1098 1278 1144 in
1317 1096 1602 1159 Thurquiam
1640 1101 1686 1142 et
1719 1095 1765 1142 in

363 1181 461 1244 ejus
498 1179 682 1227 civitate
713 1177 842 1240 regia
876 1192 966 1239 que
998 1176 1174 1222 Bursa2
1210 1173 1379 1221 dicitur
1410 1172 1533 1219 haud
1564 1172 1702 1235 longe
1739 1189 1765 1218 a

362 1255 676 1311 Nichomedia‚
710 1253 826 1301 urbe
861 1251 1057 1299 Bithinie
1087 1250 1197 1297 olim
1229 1249 1423 1305 famosa,
1463 1247 1541 1295 ubi
1567 1247 1765 1294 condam

363 1332 556 1380 Hanibal
572 1331 752 1395 fugiens
770 1328 935 1376 veneni
953 1329 1121 1375 haustu
1139 1327 1341 1374 animam
1359 1324 1607 1380 exhalavit,
1628 1324 1766 1387 positi

363 1414 470 1455 sunt
493 1410 538 1454 in
569 1406 798 1454 custodia.

428 1487 573 1531 Porro
614 1499 673 1529 ex
716 1480 933 1528 omnibus
971 1477 1240 1526 Christianis
1289 1477 1465 1540 absque
1515 1474 1763 1539 Hungaris,

364 1566 458 1606 tam
497 1558 555 1605 de
594 1556 759 1604 castris
794 1554 873 1618 qui
905 1553 1026 1600 bello
1057 1569 1148 1599 non
1183 1552 1491 1598 interfuerant
1522 1556 1569 1597 et
1600 1549 1766 1596 mortis

364 1634 614 1683 discrimen
641 1636 902 1686 evaserant,
928 1646 1068 1692 quam
1089 1646 1114 1675 a
1141 1629 1287 1692 prelio
1313 1627 1521 1690 dilapsis,
1553 1643 1643 1673 non
1670 1626 1768 1673 fue-

362 1715 472 1757 runt
497 1709 601 1772 plus
629 1724 769 1770 quam
802 1706 885 1770 iiijss
915 1705 1157 1752 hominum
1198 1703 1371 1750 diversi
1397 1708 1544 1749 status
1570 1701 1650 1764 qui
1681 1701 1768 1747 ssu-

362 1786 488 1833 vium
516 1785 785 1840 transirent,
817 1797 1102 1845 quamquam
1125 1781 1453 1828 estimat-entur
1481 1778 1527 1825 in
1555 1777 1630 1824 die
1661 1777 1767 1824 belli

363 1862 599 1926 octoginta
623 1860 762 1907 milia.
790 1859 859 1906 Hii
887 1859 1114 1905 intrantes
1141 1856 1424 1904 Galathiam3
1452 1854 1510 1902 ab
1540 1854 1658 1902 illius
1685 1871 1768 1917 pa-

412 2039 443 2073 1.
467 2037 519 2072 Le
540 2042 644 2073 texte
668 2035 742 2073 cite
762 2046 830 2081 par
850 2035 885 2070 16
905 2034 1027 2070 baron
1041 2034 1202 2079 Kervyn
1223 2031 1268 2067 de
1288 2031 1529 2068 Lettenhove
1549 2030 1766 2075 (Froissart,

362 2104 390 2133 t.
413 2096 507 2143 XV,
528 2107 564 2142 p.
588 2095 683 2139 416),
707 2105 796 2130 sous
817 2094 851 2129 le
873 2104 966 2129 nom
983 2092 1028 2128 de
1049 2093 1257 2136 Chronique
1272 2102 1454 2136 anonyme
1467 2092 1508 2126 de
1526 2091 1694 2130 FLandre,
1713 2089 1769 2126 dit

362 2166 436 2203 que
453 2155 488 2191 16
507 2154 688 2201 seigneur
707 2153 752 2188 de
773 2152 903 2199 Heilly
925 2166 941 2185 α
965 2151 1067 2187 avoit
1087 2151 1168 2186 este
1188 2160 1257 2197 par
1278 2154 1395 2185 avant
1415 2160 1508 2185 avec
1529 2148 1768 2185 l’Amourat-

365 2228 381 2247 «
404 2214 580 2261 Bacquin
600 2218 638 2248 et
659 2223 707 2249 en
729 2222 799 2247 son
819 2211 918 2247 host.
946 2223 960 2244 1)
984 2209 1131 2245 Adrien
1151 2208 1196 2245 de
1218 2208 1295 2244 But
1315 2209 1433 2254 (Ibat,
1457 2219 1492 2254 p.
1516 2207 1611 2253 414),
1627 2207 1719 2243 dont
1734 2207 1769 2243 le

364 2273 458 2310 recit
490 2272 664 2309 contient
698 2271 789 2307 bien
821 2269 886 2305 des
916 2269 1125 2315 faussetes,
1160 2268 1287 2315 ajoute
1320 2266 1535 2314 cependant
1564 2266 1646 2303 ceci
1678 2265 1769 2313 qu‘il

363 2337 566 2379 emprunte
588 2331 609 2366 6
629 2330 821 2366 Froissart
839 2342 846 2364 ε
866 2342 882 2362 «
899 2328 1010 2363 Miles
1031 2327 1201 2375 quidam,
1216 2326 1374 2362 nomine
1388 2326 1411 2361 J
1416 2325 1558 2362 acobus
1571 2325 1617 2361 de
1637 2325 1768 2372 Hessy,

365 2405 381 2426 ‹
405 2402 452 2427 ex
475 2390 665 2436 picardia,
687 2394 820 2435 captus
842 2387 913 2423 fuit
926 2400 934 2430 ;
958 2386 1024 2422 sed
1044 2386 1134 2434 quia
1154 2397 1243 2423 cum
1269 2390 1378 2432 patre
1405 2384 1505 2432 regis
1525 2384 1769 2420 Lamourach

367 2464 381 2484 a
406 2451 519 2497 Baby
546 2449 660 2496 paulo
692 2453 782 2484 ante
811 2457 960 2483 moram
989 2445 1193 2489 traxisset,
1221 2444 1323 2481 idem
1348 2443 1525 2480 incidens
1558 2445 1599 2479 in
1628 2453 1768 2479 manus

368 2523 382 2544 (t
406 2509 609 2545 hominum
651 2507 752 2553 regis
789 2506 1039 2541 Tartarorum
1083 2503 1332 2550 Tamburini,
1375 2503 1545 2539 salvatus
1583 2508 1641 2538 est
1680 2512 1769 2538 cum

368 2582 383 2602 α
407 2567 562 2604 domino
582 2565 727 2602 Jaeoho
755 2564 804 2600 du
832 2563 912 2611 Fay
941 2563 1005 2610 qui
1035 2562 1213 2598 similiter
1239 2567 1353 2597 notus
1384 2565 1466 2596 erat
1491 2559 1645 2595 ibidem.
1671 2573 1686 2592 υ
1710 2559 1769 2594 En

365 2628 469 2673 effet,
488 2626 681 2662 Froissart
701 2629 859 2660 raconte
877 2632 950 2670 que
971 2633 1013 2658 66
1035 2621 1313 2669 gentilhomme
1343 2619 1446 2656 avait
1472 2618 1574 2655 servi
1599 2618 1770 2665 pendant

366 2686 459 2722 trois
481 2697 551 2721 ans
572 2685 607 2720 16
627 2685 716 2731 pere
737 2683 782 2718 de
804 2682 960 2729 Bajazet
983 2684 1022 2726 (t.
1046 2681 1139 2727 XV,
1160 2692 1195 2727 p.
1221 2680 1302 2726 319,
1325 2679 1393 2715 3⁶24
1413 2683 1451 2715 et
1472 2678 1566 2723 334).

414 2745 447 2780 ⁶2.
472 2744 657 2788 Brousse,
677 2742 773 2777 dans
794 2741 831 2776 16
849 2739 1018 2788 Turquie
1038 2738 1184 2774 d'Asie.

417 2804 449 2839 3.
472 2803 504 2839 Il
527 2802 651 2850 sagit,
675 2810 825 2839 comme
846 2811 897 2837 on
917 2799 966 2836 l'a
986 2810 1036 2836 vu
1057 2798 1142 2845 plus
1163 2798 1272 2844 haut,
1294 2797 1339 2834 de
1360 2797 1396 2833 16
1416 2795 1617 2832 Valachie.
