1941 3294
351 329 415 366 126
623 329 993 364 CHRONOGRAPHIA
1018 327 1171 360 REGUM
1195 326 1474 360 FRANCORUM.
1639 324 1743 371 [1395

349 429 369 453 «
401 407 710 457 illustrissimo
744 406 943 471 principi
979 405 1078 467 regi
1104 408 1405 460 Francorum,
1446 403 1610 450 asserit
1646 410 1741 450 tam

347 504 367 529 a
399 485 712 549 symoniacam
746 482 946 529 heresim
980 479 1028 526 in
1065 478 1205 543 domo
1243 478 1443 527 Ecclesie
1480 478 1737 541 presidere,

347 580 367 605 α
399 568 536 624 atque
561 561 685 608 illam
704 565 756 607 ut
777 558 984 606 sedulam
1010 554 1412 619 dispensatricem,
1438 554 1558 602 circa
1580 561 1741 617 pasto-

344 657 364 682 «
396 638 515 685 rales
551 653 686 684 curas
724 634 978 698 invigilare,
1025 648 1130 679 cum
1169 632 1269 679 aliis
1303 630 1663 695 precedentibus
1697 636 1744 677 et

345 735 365 758 ε(
396 712 786 775 subsequentibus
816 711 861 756 in
898 708 1079 763 eadem,
1118 713 1355 771 tamquam
1390 707 1481 754 filia
1520 706 1739 762 Sathane,

343 810 363 835 α
394 797 544 837 mater
577 788 775 842 erroris,
812 785 970 832 nutrix
1002 783 1266 839 seditionis,
1300 783 1476 832 Summi
1510 782 1744 829 Pontificis

343 885 362 910 α
394 864 674 913 diffamatrix
693 870 737 909 et
755 862 951 909 aliorum
972 859 1274 923 prelatorum.
1292 861 1479 905 Necnon
1504 865 1744 920 tamquam

342 961 362 986 <z
394 957 584 988 romane
614 938 815 986 Ecclesie
841 937 955 983 falsa
981 936 1163 982 inimica
1195 936 1347 983 locuta
1375 940 1463 991 est,
1499 941 1550 982 ut
1584 940 1745 998 patent

342 1037 361 1062 <1
394 1015 657 1080 singillatim
684 1019 843 1077 partes
873 1029 933 1059 ex
965 1012 1087 1059 dicta
1117 1011 1387 1058 scandalosa
1418 1017 1464 1058 et
1498 1010 1743 1074 nephanda

341 1111 361 1136 α
393 1091 604 1154 epistola.
629 1093 806 1139 Verum
826 1089 884 1135 de
911 1087 1265 1135 conscienciosis
1289 1093 1336 1133 et
1356 1085 1544 1149 probris
1570 1086 1744 1150 magis-

340 1188 360 1223 ς(
391 1169 476 1215 tris
515 1167 613 1215 sive
654 1165 927 1214 doctoribus
970 1164 1028 1210 ad
1068 1162 1380 1210 tollerandum
1418 1179 1510 1209 non
1549 1179 1744 1210 consen-

340 1264 361 1290 «
392 1245 638 1299 cientibus,
669 1259 775 1290 cum
796 1242 936 1288 talem
964 1240 1209 1304 epistolam
1236 1255 1453 1286 emanare
1477 1255 1564 1301 per
1586 1239 1744 1286 multi-

340 1341 359 1365 «
391 1321 602 1368 tudinem
634 1318 902 1382 improbam
936 1316 1146 1364 fortassis
1174 1315 1441 1379 impressis,
1481 1315 1742 1379 eujusmodi

341 1417 361 1442 ε(
392 1397 639 1444 nonnullos
660 1396 723 1443 ibi
748 1395 888 1442 fuisse
907 1409 1147 1457 presumo,
1173 1392 1352 1439 ratione
1372 1391 1579 1455 intelligo
1604 1391 1742 1438 istam

342 1492 362 1517 c<
396 1472 761 1521 conclusionem.

405 1569 425 1594 (ς
456 1551 556 1596 Non
578 1548 717 1595 debet
737 1550 860 1609 Papa
880 1545 1096 1608 compelli
1116 1561 1203 1608 per
1221 1544 1343 1591 viam
1365 1543 1472 1590 facti
1493 1543 1551 1590 ad
1568 1560 1741 1591 renun-

339 1644 359 1669 (ι
391 1624 608 1672 ciandum
635 1622 842 1686 papatui,
873 1628 920 1668 et
944 1636 1164 1667 recusans
1189 1619 1311 1665 viam
1332 1618 1553 1665 cessionis
1573 1635 1631 1665 ex
1654 1618 1742 1665 hoc

340 1721 359 1745 «
390 1701 592 1748 scismati
607 1698 906 1747 consenciens
919 1696 1133 1761 judicari,
1155 1702 1200 1743 et
1217 1695 1295 1758 qui
1312 1695 1579 1759 hujusmodi
1593 1712 1742 1759 oppo-

339 1797 358 1822 ε(
392 1778 532 1824 situm
551 1782 678 1823 tenet
697 1782 743 1822 et
766 1774 930 1822 asserit
957 1773 1188 1821 hereticus
1215 1778 1284 1819 est
1310 1772 1590 1819 censendus.

403 1874 422 1898 c<
454 1854 518 1900 Illi
546 1853 624 1915 qui
653 1851 946 1916 dogmatizati
975 1850 1161 1897 fuerunt
1188 1855 1233 1896 et
1263 1848 1439 1896 mundo
1473 1848 1741 1912 divulgave-

339 1951 359 1975 α
389 1936 498 1977 runt
529 1930 683 1992 ipsum
718 1927 783 1974 sic
815 1926 988 1973 debere
1026 1925 1239 1988 compelli
1275 1924 1334 1971 ad
1371 1924 1741 1972 renunciandum

337 2025 357 2049 c<
391 2005 604 2068 papatui,
648 2004 721 2050 vel
762 2004 917 2065 ipsum
961 2002 1007 2047 in
1051 2017 1161 2047 casu
1205 2016 1299 2062 quo
1341 2007 1577 2047 recusaret
1618 2000 1740 2047 viam

338 2102 357 2126 α
390 2080 770 2133 renunciationis,
801 2095 859 2125 ex
885 2079 972 2125 hoc
993 2076 1366 2124 consencientem
1396 2076 1599 2123 scismati
1621 2076 1743 2140 judi-

339 2178 358 2203 «
390 2157 500 2213 cari,
529 2162 872 2217 consequenter
902 2152 1165 2206 hereticari‚
1199 2152 1370 2199 dictam
1398 2153 1521 2199 viam
1547 2153 1605 2200 ad
1638 2154 1741 2200 uni-

337 2254 357 2278 «
387 2240 530 2281 tatem
566 2232 767 2279 Ecclesie
802 2229 1148 2293 procurandam
1184 2228 1391 2291 ineptam
1432 2228 1741 2276 reddiderunt

338 2331 357 2355 «
390 2317 437 2357 et
462 2309 819 2373 dispositionem
845 2307 904 2354 ad
935 2306 1106 2353 forsius
1139 2305 1307 2351 scisma
1335 2305 1568 2361 fecerunt3
1597 2322 1740 2369 prop-

338 2407 358 2431 «
389 2394 552 2450 terque
580 2385 728 2449 magis
753 2382 972 2430 censendi
999 2387 1106 2428 sunt
1132 2381 1259 2444 pacis
1294 2381 1497 2429 Ecclesie
1527 2381 1741 2429 turbato-

339 2483 358 2508 «
388 2480 465 2510 res
501 2478 644 2526 quam
682 2460 871 2508 unitatis
906 2458 1107 2506 Ecclesie
1143 2458 1366 2504 zelatores
1404 2475 1483 2506 seu
1516 2475 1740 2522 procura-

340 2559 359 2585 «
389 2547 535 2587 tores.
824 2575 829 2580 .

404 2636 423 2661 <‹
455 2615 517 2663 Illi
554 2614 634 2678 qui
667 2613 732 2661 sic
766 2612 986 2660 audacter
1021 2617 1067 2658 et
1099 2610 1330 2674 improbe,
1365 2627 1473 2674 ymo
1506 2611 1740 2660 maliciose

340 2712 360 2737 (ι
392 2699 437 2739 et
477 2691 694 2755 pestifere
738 2688 1050 2753 dogmatizant
1091 2693 1141 2734 ut
1184 2690 1427 2734 Summum
1470 2689 1738 2735 Pontificem

342 2789 361 2813 c<
393 2784 601 2816 asserere
630 2772 902 2830 presumant
934 2764 1031 2811 fore
1063 2764 1413 2811 hereticandum
1443 2770 1489 2811 et
1514 2782 1540 2811 a
1566 2764 1739 2828 princi-
