1941 3294
351 343 415 379 ,120
621 343 989 376 CHRONOGRAPHIA
1014 341 1166 373 REGUM
1191 340 1468 372 FRANCORUM.
1640 335 1743 381 [1394

352 445 371 469 «ι
404 426 532 472 bant.
561 424 649 471 Sed
677 423 787 486 quid
816 421 978 485 plura?
1005 423 1069 466 De
1091 419 1178 466 hiis
1202 419 1389 466 videant
1414 417 1552 464 emuli
1578 418 1742 474 nostri,

351 521 371 546 a
404 518 521 564 quos
550 500 720 547 multos
747 498 881 545 nobis
913 495 1096 560 peperit
1121 495 1265 543 amica
1296 494 1485 549 veritaS‚
1521 494 1746 557 quemad-

350 597 370 622 «
404 577 595 624 modum
625 576 768 622 verba
794 580 952 620 nostra
978 572 1220 634 accipient.
1253 575 1345 619 Nos
1368 570 1531 618 sedulo
1558 587 1745 633 semper

350 674 371 698 c<
403 653 843 704 animadvertemus,
877 666 933 695 ne
960 648 1131 710 aliquid
1163 648 1208 694 in
1234 647 1411 695 eisdem
1436 646 1560 710 juste
1584 662 1745 709 repre-

350 749 369 774 «
401 729 636 777 hensionis
663 734 741 774 aut
764 725 925 772 veneni
952 724 1205 771 inveniant.

413 825 432 850 <t
467 805 790 868 Supplicamus
811 801 867 848 ad
890 806 1200 864 postremum,
1227 803 1362 847 Pater
1387 798 1671 854 beatissime,
1694 804 1746 845 ut

347 903 366 926 α
401 898 543 944 super
579 880 741 926 litteris
775 878 864 924 illis
897 877 1030 923 nobis
1058 892 1338 939 responsum
1369 876 1554 922 mittere
1585 874 1746 938 digne-

349 978 368 1002 «
401 958 510 1004 mini
536 964 582 1003 et
608 962 814 1002 vestram
840 953 1142 1000 intentionem
1170 953 1215 999 in
1245 958 1377 1015 parte
1404 953 1488 998 hac
1519 950 1747 1013 quodam-

347 1055 366 1079 «
398 1034 539 1081 modo
557 1032 758 1096 aperire,
784 1037 833 1077 ut
854 1030 1005 1077 eidem
1028 1030 1338 1084 conformare,
1364 1033 1589 1091 quantum
1608 1027 1747 1074 facul-

346 1131 366 1156 «
398 1118 466 1158 tas
510 1109 684 1163 tulerit,
732 1124 816 1154 nos
858 1106 1109 1170 possimus,
1153 1106 1198 1152 in
1237 1106 1413 1168 hacque
1458 1105 1532 1150 via
1562 1103 1746 1151 Domini

346 1208 366 1232 α
396 1186 640 1235 unanimes
673 1184 910 1231 ambulare
941 1199 1047 1229 cum
1081 1198 1327 1228 consensu.
1364 1181 1409 1228 Si
1432 1180 1573 1227 ullam
1603 1179 1745 1226 trium

346 1284 365 1307 «
399 1263 604 1316 viarum,
659 1276 773 1322 quas
827 1275 911 1305 nos
966 1258 1358 1321 excogitavimus,
1415 1254 1745 1318 acceptandam

345 1360 364 1383 «
397 1338 647 1393 duxeritis,
687 1335 1019 1399 gaudebimu83
1059 1334 1094 1380 si
1129 1334 1175 1380 in
1209 1333 1422 1380 manibus
1453 1332 1589 1378 aliam
1625 1331 1745 1378 forte

345 1436 364 1459 «
398 1413 807 1478 congruenciorem
823 1428 907 1458 vos
922 1411 1092 1457 habere
1107 1410 1368 1472 contigerit,
1384 1408 1597 1455 eamdem
1611 1407 1746 1454 nobis

347 1511 366 1536 «
398 1491 572 1554 pariter
604 1496 650 1535 et
687 1488 889 1535 vicissim
922 1487 1181 1550 patefacere
1216 1486 1385 1532 velitis.
1425 1488 1583 1547 Neque
1622 1484 1745 1531 enim

346 1587 365 1612 c<
398 1567 525 1614 facile
565 1566 798 1612 credimus
842 1581 927 1610 vos
962 1563 1016 1610 ad
1058 1580 1199 1626 quem
1242 1579 1422 1610 summa
1465 1562 1551 1608 hec
1587 1576 1746 1607 rerum

347 1664 366 1688 α
400 1650 506 1690 ante
544 1658 706 1688 omnes
749 1641 968 1687 mortales
1012 1640 1236 1703 pertinet,
1282 1655 1366 1700 per
1406 1643 1474 1684 tot
1515 1652 1745 1683 annorum

347 1740 366 1764 α
397 1719 552 1782 spacia
578 1718 754 1780 absque
780 1717 854 1763 vie
881 1716 1070 1779 alicujus
1100 1715 1379 1779 cogitatione
1411 1720 1550 1776 atque
1584 1714 1745 1760 inven-

346 1816 366 1840 ε(
396 1795 521 1843 tione
542 1794 741 1841 stetisse.
767 1792 1104 1840 Beatitudinem
1125 1797 1330 1838 vestram
1351 1790 1558 1838 Christus
1577 1789 1634 1836 ad
1663 1806 1744 1837 sue

346 1892 366 1917 α
399 1888 570 1934 sponse
611 1871 747 1934 longa
781 1869 877 1933 jam
914 1868 1174 1932 egritudine
1217 1866 1498 1913 tabescentis
1533 1882 1586 1912 ac
1616 1871 1745 1912 exte-

345 1968 364 1993 «
398 1954 535 1995 nuate
573 1946 793 1994 unionem
836 1945 1080 2008 inspirare,
1130 1959 1410 2006 promovere
1446 1948 1491 1989 et
1524 1941 1745 2006 adjuvare

344 2044 364 2068 «
399 2024 634 2088 dignetur.
667 2024 831 2070 Amen.
867 2041 886 2065 »

406 2102 502 2157 Que
537 2098 727 2161 quidem
758 2099 908 2144 littere
947 2102 1143 2160 propter
1174 2110 1390 2158 magnam
1425 2093 1744 2141 infirmitatem

342 2195 432 2241 qua
452 2176 575 2223 idem
590 2176 816 2228 Clemens,
846 2177 968 2236 Papa
988 2181 1105 2229 v11¹¹⁵,
1126 2179 1237 2219 tunc
1258 2171 1571 2228 detinebatur,
1590 2170 1742 2218 eidem

341 2270 432 2300 non
484 2252 670 2299 fuerunt
721 2249 1040 2314 presentate13
1087 2249 1144 2295 de
1195 2265 1286 2311 qua
1330 2247 1567 2294 modicum
1615 2253 1739 2310 post,

341 2346 460 2377 anno
487 2334 749 2392 prenotato,
789 2344 948 2374 mense
983 2326 1257 2389 septembri,
1295 2331 1506 2372 mortuus
1539 2331 1626 2372 est.
1663 2325 1744 2372 Cui

341 2406 560 2454 successit
591 2404 834 2452 cardinalis
863 2403 920 2450 de
953 2407 1095 2459 Luna,
1126 2403 1183 2450 de
1211 2402 1466 2466 Arragonia
1498 2401 1739 2457 oriundus,

341 2484 417 2545 qui
443 2483 500 2529 de
527 2481 714 2528 Francia
736 2481 814 2527 vix
839 2480 1015 2527 curiam
1034 2486 1281 2535 remearat,
1305 2478 1579 2526 Benedictus
1605 2494 1742 2524 voca-

340 2566 415 2606 tus
455 2566 541 2610 est,
585 2558 671 2604 hoc
712 2556 897 2603 nomine
935 2565 1072 2602 xmus.
1120 2555 1251 2612 Quod
1293 2554 1640 2617 quamprimum
1684 2553 1742 2599 ad

392 2691 421 2724 t.
446 2688 624 2724 Clement
653 2686 725 2722 VII
758 2691 912 2721 mourut
943 2686 976 2721 le
1012 2685 1053 2721 16
1088 2684 1302 2730 septembre
1337 2684 1448 2727 «1394;
1484 2683 1509 2718 il
1545 2682 1743 2729 paraitrait

343 2747 454 2793 qu'au
478 2745 669 2782 contraire
691 2745 866 2781 Clement
890 2744 963 2780 VII
991 2744 1093 2779 avait
1122 2755 1209 2791 recu
1233 2744 1269 2778 la
1290 2743 1400 2778 lettre
1428 2742 1473 2777 de
1494 2741 1744 2779 l’Universite

345 2806 565 2851 ‘fflzronique
585 2807 633 2841 du
656 2806 839 2850 Reliyieuoe
858 2805 899 2839 cle
917 2804 1175 2848 Saint-Denys,
1198 2808 1225 2838 t.
1250 2802 1300 2847 II,
1322 2813 1358 2848 p.
1383 2801 1475 2847 184).
