1941 3294
329 322 373 358 60
601 326 969 358 CHRONOGRAPHIA
993 325 1147 357 REGUM
1170 325 1447 357 FRANCORUM.
1617 323 1722 369 [1384

328 421 434 452 cum
463 421 628 468 magna
661 404 953 452 multitudine
984 403 1224 451 hominum
1249 403 1516 451 armorum¹
1545 404 1672 452 missi
1696 422 1724 452 a

328 497 439 544 rege
471 481 659 529 Francie
696 488 746 528 ut
779 481 899 528 irent
932 480 979 526 in
1014 479 1233 527 auxilium
1269 479 1400 527 ducis
1437 479 1720 544 Andegavie,

328 557 540 605 abierunt
559 557 850 613 Avinionem‚
874 556 952 604 ubi
971 558 1093 619 Papa
1115 556 1300 603 visitato
1326 572 1432 603 eum
1458 556 1551 603 suis
1577 557 1726 604 cardi-

327 632 508 680 nalibus
528 639 573 681 et
593 633 845 695 apostoliea
871 630 1191 679 benedictione
1217 637 1421 695 recepta,
1445 630 1552 678 inde
1576 636 1727 679 trans-

328 708 479 756 eundo
504 709 645 772 Alpes
676 726 765 756 una
799 724 908 771 pars
934 723 1021 770 per
1043 710 1169 755 Mont
1194 708 1377 755 Geneve
1403 713 1448 754 et
1473 707 1616 754 altera
1642 724 1727 771 per

327 787 453 832 Mont
494 785 688 833 Chenis2
726 784 938 831 abierunt
975 782 1035 830 ad
1073 783 1239 831 urbem
1274 783 1640 841 Tauriencium³‚
1679 784 1726 831 in

326 860 591 924 principatu
616 860 674 907 de
699 859 986 916 Pineroliis4‚
1016 859 1062 906 in
1087 859 1369 906 Pedemonte
1395 860 1580 907 situato.

390 936 562 983 Deinde
595 936 705 983 dicti
737 935 930 992 domini,
965 935 1081 983 inito
1112 935 1234 982 inter·
1264 952 1314 983 se
1345 936 1554 991 consilio,
1589 936 1728 983 mise-

326 1018 434 1059 runt
459 1012 689 1060 Matheum
719 1012 961 1059 dominum
990 1011 1048 1058 de
1073 1012 1353 1069 Humeriisf’,
1383 1012 1591 1068 militem,
1621 1028 1727 1060 cum

325 1087 529 1149 quodam
563 1088 820 1152 armigero,
856 1086 1042 1134 nomine
1077 1086 1295 1135 Oudardo
1327 1087 1385 1134 de
1416 1088 1638 1136 Mureulio
1669 1088 1728 1135 ad

324 1163 556 1214 Barnabo,
584 1163 752 1210 ducem
777 1162 1038 1218 Mediolani,
1069 1178 1206 1209 causa
1237 1161 1437 1209 habendi
1469 1162 1728 1210 subsidium

325 1255 412 1301 pro
436 1238 506 1285 sui
526 1238 694 1303 viagio.
721 1238 806 1296 Qui
831 1238 985 1286 nuncii
1011 1237 1069 1285 de
1089 1237 1287 1285 Taurino
1315 1238 1537 1285 abeuntes
1556 1238 1729 1286 Medio-

323 1314 497 1372 lanum,
526 1315 803 1362 invenerunt
829 1314 1044 1362 Barnabo
1070 1314 1256 1377 planctu
1282 1320 1560 1377 occupatum
1584 1331 1729 1377 prop-

324 1397 395 1438 ter
421 1408 617 1439 uxorem
649 1407 780 1439 suam
814 1391 999 1438 nomine
1025 1391 1297 1455 Reginam⁶‚
1327 1390 1511 1438 noviter
1535 1390 1729 1438 defune-

326 1551 496 1599 l'eveque
517 1551 563 1587 de
583 1551 778 1588 Beauvais
797 1564 813 1585 α
831 1551 922 1587 offre
945 1551 1024 1588 aler
1040 1551 1061 1586 3
1075 1551 1351 1598 monseigneur
1372 1551 1472 1588 8313
1487 1553 1728 1600 compaignie

328 1624 343 1644 <t
365 1611 414 1646 du
436 1611 509 1646 sire
530 1610 575 1646 de
596 1610 727 1657 Coucy
743 1615 780 1646 et
794 1610 887 1646 faire
907 1616 1011 1656 prest
1027 1609 1073 1645 de
1087 1618 1132 1645 11⁰
1145 1610 1278 1646 lances
1298 1622 1395 1657 pour
1408 1622 1434 1646 11
1449 1622 1559 1658 moys
1577 1625 1592 1646 ι
1611 1613 1727 1656 (Jour-

325 1671 388 1705 nal
408 1671 449 1705 de
468 1671 560 1705 Jean
581 1670 622 1704 Le
642 1671 760 1709 Fevre,
783 1671 909 1714 e'veque
928 1670 969 1704 de
993 1669 1176 1711 Chartres,
1198 1674 1225 1704 t.
1248 1669 1280 1714 1,
1302 1681 1338 1716 p.
1362 1670 1404 1704 47
1426 1675 1463 1705 et
1482 1671 1552 1715 48).
1576 1670 1630 1707 Le
1650 1670 1728 1707 183-

323 1727 491 1773 demain,
511 1727 612 1763 Jean
633 1727 686 1762 Le
706 1727 828 1763 Fevre
855 1726 938 1773 pria
966 1727 1000 1763 18
1029 1726 1103 1763 duc
1132 1727 1179 1762 de
1208 1727 1440 1774 Bourgogne
1467 1727 1651 1764 de'ceder
1679 1739 1729 1765 au

323 1785 398 1822 sire
419 1785 464 1821 de
485 1785 617 1832 Coucy
636 1797 691 1821 un
712 1785 859 1822 certain
880 1785 1042 1822 nombre
1061 1785 1107 1821 de
1127 1796 1220 1833 gens
1241 1785 1418 1832 d’armes,
1434 1787 1531 1822 mais
1548 1787 1575 1822 il
1589 1798 1730 1834 essuya

321 1855 375 1880 un
405 1844 507 1880 refus
531 1856 538 1879 :
562 1843 627 1879 des
657 1843 834 1891 Anglais,
863 1843 978 1880 disait
1006 1844 1041 1879 18
1068 1843 1154 1888 due,
1179 1844 1362 1881 venaient
1389 1844 1434 1881 de
1465 1844 1678 1893 deharquer
1706 1845 1729 1881 3

326 1902 465 1938 Calais.

370 1963 403 1998 1.
428 1961 479 1997 M.
502 1961 685 2007 Durrieu,
707 1960 803 1997 dans
823 1972 878 1996 un
898 1960 1032 1997 article
1053 1961 1146 2008 qu'il
1167 1972 1189 1997 3
1207 1961 1361 1998 intitule
1382 1964 1417 1997 la
1437 1964 1538 1998 Prise
1557 1963 1728 1998 d'Arezzo

317 2032 391 2066 par
410 2021 659 2066 Enquerrand
680 2022 750 2062 Vll,
773 2022 845 2055 sire
865 2022 906 2055 de
929 2022 1057 2065 Coucy,
1083 2032 1127 2056 en
1147 2022 1238 2057 1384
1259 2021 1521 2068 (Bibliothejque
1540 2024 1581 2057 de
1602 2014 1728 2058 z’Ecoze

322 2080 380 2114 des
402 2080 553 2121 chartas,
579 2084 604 2114 t.
627 2078 731 2124 XLI,
755 2079 879 2114 33388
902 2078 1007 2124 1880,
1023 2090 1058 2125 p.
1078 2079 1141 2115 161
1165 2079 1187 2114 3
1211 2079 1303 2125 194),
1319 2080 1455 2116 estime
1477 2080 1499 2115 3
1519 2092 1572 2116 33
1594 2080 1727 2117 chiffre

322 2148 375 2172 33
395 2147 470 2184 383
488 2136 674 2172 inferieur
693 2136 716 2172 3
737 2136 843 2182 5,ΟΟΟ
865 2137 1042 2173 chevaux
1062 2137 1096 2173 le
1117 2142 1296 2174 montant
1316 2138 1381 2174 des
1402 2138 1525 2175 forces
1546 2140 1728 2176 amenees

321 2206 388 2241 par
409 2195 443 2231 le
465 2195 540 2231 sire
561 2195 607 2232 de
626 2195 768 2242 Couey.

368 2254 402 2290 2.
424 2253 456 2289 Il
477 2254 587 2302 s'agit
608 2253 674 2290 des
695 2253 867 2291 celebres
887 2264 1070 2301 passages
1091 2254 1140 2290 du
1164 2254 1270 2291 Mont
1291 2255 1469 2292 Genevre
1490 2261 1527 2292 et
1547 2256 1598 2292 du
1618 2256 1728 2293 Mont

325 2312 455 2348 Cenis.

371 2372 404 2408 3.
428 2372 564 2408 Turin.

368 2430 402 2466 4.
427 2430 622 2477 Pignerol.

368 2490 399 2524 5.
425 2488 474 2523 M.
506 2488 688 2533 Durrieu,
715 2489 812 2525 dans
841 2489 1002 2526 l'artiele
1030 2490 1190 2537 premite,
1219 2501 1240 2526 3
1269 2492 1420 2527 montre
1450 2501 1523 2539 que
1554 2491 1726 2528 Mathieu

319 2546 563 2583 d'Humieres
584 2547 685 2583 avait
707 2547 792 2594 (18]3,
825 2548 926 2584 servi
956 2559 1043 2584 5035
1066 2550 1120 2584 185
1141 2549 1271 2584 ordres
1292 2548 1341 2585 du
1363 2549 1438 2586 sire
1459 2549 1504 2586 de
1525 2549 1656 2597 Coucy
1677 2561 1727 2587 83

321 2604 509 2651 Ρ103η118,
525 2605 623 2641 mais
644 2605 669 2641 il
691 2617 738 2642 ne
760 2605 836 2642 cite
856 2617 924 2653 335
946 2606 980 2642 18
1000 2606 1140 2643 second
1161 2618 1253 2643 nom
1273 2618 1346 2654 que
1367 2608 1594 2644 mentionne
1615 2614 1726 2646 notre

321 2663 547 2711 chronique.

368 2721 400 2757 6.
425 2722 481 2758 La
502 2722 641 2758 femme
662 2721 707 2758 de
728 2722 906 2759 Bernabo
937 2723 1135 2770 s'appelait
1158 2724 1336 2762 Beatrice
1363 2725 1462 2761 della
1484 2724 1610 2771 Scala,
1631 2725 1728 2761 mais

321 2780 394 2818 elle
423 2786 481 2817 est
509 2781 595 2828 plus
625 2792 778 2819 connue
811 2792 900 2819 sous
931 2782 965 2819 18
998 2793 1157 2819 surnom
1187 2783 1232 2820 de
1268 2797 1282 2818 α
1316 2784 1488 2831 Regina,
1521 2796 1536 2817 ι
1568 2794 1641 2831 que
1669 2783 1725 2820 lui
