1941 3294
318 304 359 339 34
590 301 958 335 CHRONOGRAPHIA
984 297 1135 330 REGUM
1159 294 1437 329 FRANGORUM.
1602 289 1706 337 [138'2

314 389 413 430 tum
430 381 587 430 suum1
599 419 610 438 ,
630 380 843 427 abierunt
860 382 1064 441 Yppram
1085 393 1224 439 quam
1241 374 1449 423 similiter
1465 371 1708 435 depredati

313 464 420 505 sunt
448 472 705 519 omnesque
743 453 899 502 comiti
931 452 1143 500 Flandrie
1176 452 1381 498 faventes
1412 448 1705 502 occiderunt;

312 550 510 596 cumque
547 533 635 580 sibi
675 538 820 579 totam
863 527 1123 577 Flandriam
1164 527 1505 590 subjugassent,
1549 528 1708 586 preter

310 610 465 656 villam
498 608 556 656 de
591 606 884 662 Audenarda,
916 603 1130 651 abierunt
1168 609 1215 650 et
1252 619 1355 650 eam
1394 600 1706 662 undequaque

310 686 611 733 obsederunt.

374 771 468 825 Qua
489 768 685 815 durante
704 764 963 819 obsidione,
988 762 1109 809 circa
1128 761 1300 808 festum
1317 757 1469 808 Sancti
1489 755 1709 805 Johannis

308 845 512 906 Baptiste
535 841 742 906 ejusdem
766 839 920 894 anni2,
951 838 1176 885 miserunt
1201 836 1299 900 regi
1324 834 1512 883 Francie
1533 834 1710 880 litteras

308 920 486 966 clausas
521 917 808 965 continentes
841 914 968 978 quod
994 914 1094 976 ipse
1116 912 1372 960 insinuaret
1397 909 1554 958 comiti
1578 909 1710 956 Flan-

307 996 407 1042 drie
440 995 658 1057 quatinus
689 993 778 1039 iret
812 991 859 1038 in
895 990 1157 1037 Flandriam
1195 988 1253 1035 ad
1289 986 1550 1052 regendum
1585 1001 1706 1040 eam,

307 1071 463 1133 ibique
489 1069 715 1134 judicium
747 1074 793 1114 et
817 1066 1051 1130 justiciam
1079 1065 1250 1112 faceret
1285 1081 1294 1110 ε
1325 1062 1453 1126 quod
1483 1062 1521 1108 si
1554 1077 1711 1108 comes

306 1152 541 1203 renueret,
570 1146 670 1208 ipse
701 1161 787 1191 rex
822 1148 1080 1206 apponeret
1104 1156 1292 1188 manum
1328 1155 1459 1186 suam
1489 1139 1536 1184 in
1569 1136 1712 1184 comi-

307 1227 405 1270 tatu
423 1222 655 1276 Flandrie‚
677 1220 882 1266 mitteret
908 1216 1158 1280 quemdam
1184 1215 1387 1279 probum
1412 1213 1606 1260 militem
1633 1212 1712 1274 qui

308 1315 366 1345 ex
394 1302 527 1360 parte
553 1299 652 1359 ejus
681 1295 879 1359 patriam
905 1298 1116 1357 regeret3
1141 1292 1209 1339 sin
1238 1296 1394 1337 autem
1420 1287 1712 1337 considerato

308 1373 435 1436 quod
467 1372 619 1436 patria
650 1371 749 1417 sine
781 1369 931 1431 capite
965 1367 1064 1430 regi
1097 1382 1189 1412 non
1214 1365 1409 1422 valeret,
1437 1362 1714 1411 dubitabant

309 1466 367 1496 ne
393 1450 439 1495 in
467 1447 598 1495 brevi
625 1447 829 1494 facerent
855 1444 943 1491 sibi
964 1443 1207 1491 dominum
1226 1441 1489 1505 proprium,
1514 1438 1640 1502 quod
1667 1438 1712 1484 in

307 1525 407 1589 regi
446 1523 756 1588 prejudicium
793 1527 839 1569 et
872 1535 1125 1584 gravamen
1164 1535 1256 1565 non
1290 1517 1528 1564 modicum
1569 1520 1708 1571 esset,

308 1601 482 1648 scilicet
503 1615 662 1664 regem
683 1597 890 1661 Angliess.

374 1685 579 1739 Quarum
611 1681 872 1726 litterarum
902 1677 1105 1740 portitor
1130 1674 1322 1722 tradidit
1353 1690 1432 1721 eas
1462 1673 1569 1737 duci
1599 1676 1714 1721 Bur-

308 1758 479 1823 gundie
499 1757 579 1821 qui
599 1757 641 1803 ei
667 1755 836 1802 multas
859 1753 1050 1817 injurias
1076 1751 1193 1799 dixit
1212 1757 1258 1798 et
1282 1766 1390 1798 eum
1415 1748 1715 1813 inprisionari

302 1834 440 1896 jussit
471 1850 523 1881 ac
555 1831 858 1896 postmodum
890 1829 1046 1893 ipsum
1081 1827 1311 1875 liberavit.
1342 1830 1452 1874 Erat
1481 1831 1636 1873 autem
1668 1825 1715 1872 in

307 1910 704 1974 superscriptione
718 1907 949 1955 dictarum
968 1905 1229 1952 litterarum
1249 1921 1257 1950 :
1281 1922 1301 1947 (ι
1320 1901 1714 1951 Excellentissimo

309 2079 435 2111 comte
456 2078 592 2110 courut
609 2071 896 2108 effectivement
917 2070 971 2106 les
996 2069 1082 2117 plus
1109 2068 1250 2116 grands
1269 2068 1433 2115 dangers
1455 2067 1571 2113 (ibid,
1597 2077 1632 2113 p.
1657 2065 1712 2112 36)

308 2138 347 2168 et
369 2131 523 2169 s’enfuit
542 2132 577 2167 le
598 2131 617 2166 4
643 2130 724 2166 mai
745 2129 850 2165 1382.

358 2199 390 2233 1.
413 2197 465 2232 Le
486 2196 625 2243 pil—lage
646 2195 742 2231 dura
762 2194 854 2230 trois
871 2194 978 2241 jours
1001 2194 1119 2240 (ibid,
1143 2203 1179 2239 p.
1201 2192 1242 2227 41
1267 2197 1304 2228 et
1327 2190 1424 2238 459).

355 2261 390 2297 2.
414 2259 657 2296 C‘est-a-dire
684 2270 761 2294 aux
786 2257 968 2294 environs
995 2256 1044 2292 du
1071 2256 1115 2293 ‘24
1143 2256 1241 2303 juin.
1264 2256 1316 2291 Le
1342 2255 1463 2291 baron
1489 2255 1650 2302 Kervyn
1670 2254 1716 2291 de

309 2320 549 2356 Lettenbove
570 2329 592 2354 a
611 2318 764 2353 mentre
786 2327 859 2363 que
879 2316 913 2352 le
934 2315 1039 2363 siege
1059 2313 1330 2351 d’Audenarde
1356 2314 1460 2351 avait
1489 2314 1715 2350 commence

310 2379 345 2415 le
367 2378 410 2415 30
431 2377 509 2414 mai
531 2377 634 2414 1382.

357 2443 391 2479 3.
415 2442 511 2478 Voir
531 2441 565 2477 le
587 2440 682 2476 recit
703 2439 899 2475 conforme
919 2438 968 2474 du
998 2440 1093 2475 Re'cz't
1121 2439 1162 2473 de
1183 2440 1219 2474 la
1248 2448 1447 2482 campayne
1473 2438 1515 2473 de
1541 2438 1715 2472 Flandres

311 2501 439 2548 public
468 2511 536 2547 par
568 2500 602 2536 le
635 2499 756 2535 baron
789 2498 938 2534 Pichon
971 2497 992 2531 a
1023 2497 1059 2532 la
1085 2496 1185 2532 suit-e
1212 2495 1257 2532 de
1285 2496 1321 2532 la
1348 2498 1472 2532 Partz'e
1497 2497 1632 2531 inedito
1657 2496 1715 2530 des

313 2561 538 2605 Chroniques
570 2560 611 2594 de
642 2559 883 2593 Saint-Denis
917 2561 965 2603 (p.
987 2555 1057 2600 49).
1094 2555 1284 2591 Froissart
1316 2559 1473 2591 raconte
1506 2554 1609 2590 aussi
1641 2564 1715 2601 que

314 2619 488 2665 Philippe
515 2617 760 2654 d’Artevelde
787 2627 938 2663 envoya
965 2626 1019 2650 un
1045 2625 1222 2661 message
1248 2614 1270 2649 a.
1297 2613 1454 2650 Charles
1474 2613 1544 2659 VI,
1566 2613 1667 2649 alors
1693 2612 1716 2647 a.

315 2677 465 2723 Senhs3
487 2676 584 2712 mais
608 2689 623 2710 α
647 2686 697 2713 on
717 2675 806 2712 n'en
826 2674 888 2710 fist
908 2683 982 2721 que
1003 2672 1111 2709 rire»
1137 2671 1207 2718 (ed.
1226 2672 1387 2719 Kervyn
1401 2671 1446 2707 de
1461 2670 1714 2718 Lettenhove,

315 2740 343 2773 t.
366 2736 419 2783 X,
440 2747 476 2783 p.
499 2735 570 2781 73).
