1941 3294
318 356 384 393 102
589 355 958 389 CHRONOGRAPHIA
983 354 1136 386 REGUM
1160 354 1438 387 FRANCORUM.
1608 349 1712 396 [1392

380 437 504 486 Fixis
528 441 684 483 autem
709 434 805 482 dux
831 441 876 481 et
904 432 1046 480 ceteri
1073 433 1286 480 tentoriis
1315 432 1409 480 suis
1441 448 1582 494 super
1605 432 1714 479 litus

317 515 458 563 maris
483 516 874 576 pernoctaverunt
903 509 1094 565 ibidem,
1129 509 1285 572 ibique
1319 510 1365 556 in
1399 524 1538 555 arena
1567 513 1611 554 et
1642 508 1714 555 lit-

315 600 418 640 tore
444 590 622 637 marino
655 603 738 651 per
768 585 976 650 spacium
1005 600 1087 631 sex
1114 584 1480 632 ebdomadarum
1506 600 1713 631 commo-

315 673 470 715 rantes
487 671 533 713 et
549 670 654 712 ante
674 680 724 710 se
738 663 840 726 plus
854 677 994 723 quam
1012 667 1198 708 centum
1215 661 1338 708 milia
1352 664 1713 709 Sarracenorum

315 752 408 792 tam
429 742 638 807 peditum
658 755 798 802 quam
816 737 1025 800 equitum
1045 737 1165 785 inter
1184 727 1301 800 quos
1321 743 1420 784 erat
1439 753 1524 784 rex
1540 737 1713 784 Tunicii

314 837 395 868 seu
422 834 569 881 nepos
594 817 709 880 ejus,
741 820 791 862 ut
810 813 1067 869 dicebatur,
1097 813 1336 870 habentes,
1361 814 1553 861 crebros
1574 819 1713 876 atque

313 895 544 944 terribiles
579 892 773 939 insultus
809 890 925 937 alter
962 895 1122 936 contra
1162 890 1359 937 alterum
1397 890 1622 944 fecerunt,
1667 888 1713 935 in

312 971 481 1036 quibus
513 968 686 1016 ibidem
721 965 961 1014 Sarraceni
990 966 1207 1013 continue
1239 982 1430 1013 suorum
1462 966 1714 1013 detrimen-

311 1055 413 1096 tum
443 1050 737 1108 receperunt,
768 1048 966 1105 excepto
994 1042 1119 1104 quod
1150 1042 1351 1105 quadam
1376 1042 1494 1098 vice,
1525 1042 1714 1105 quidam

312 1122 507 1176 nobiles,
538 1126 632 1167 tam
662 1119 829 1166 milites
856 1134 997 1181 quam
1022 1117 1269 1174 domicelli,
1301 1134 1447 1180 usque
1468 1117 1526 1163 ad
1554 1133 1715 1164 nume-

312 1215 414 1246 rum
446 1195 780 1260 quinquaginta
805 1193 1126 1257 temporaliter
1151 1193 1306 1239 amissi
1334 1198 1458 1240 sunt.
1488 1193 1709 1247 Tandem,

311 1274 520 1322 decursis
538 1290 621 1320 sex
641 1271 997 1326 ebdomadibus,
1021 1269 1175 1317 denuo
1195 1286 1338 1316 naves
1358 1269 1648 1316 intraverunt
1668 1275 1713 1316 et

309 1351 519 1401 Janniam
541 1355 825 1411 repetentes,
850 1347 956 1394 dein
981 1346 1026 1393 in
1053 1346 1292 1393 Franciam
1317 1345 1494 1393 reversi
1521 1351 1645 1392 sunt.

375 1428 508 1473 Anno
550 1423 760 1487 sequenti
803 1422 854 1470 M⁰
879 1421 983 1470 CCC⁰
1023 1421 1323 1485 nonagesimo
1370 1421 1546 1483 primo,
1593 1421 1714 1468 circa

310 1504 451 1550 finem
493 1501 664 1548 mensis
698 1499 919 1564 januarii,
961 1504 1188 1545 venerunt
1225 1498 1482 1554 Kalesium,
1521 1497 1650 1545 missi
1688 1515 1714 1544 a

310 1595 420 1643 rege
452 1577 637 1642 Anglie,
673 1576 769 1624 dux
802 1575 1124 1631 Lenclastrie1,
1163 1580 1355 1637 patruus
1386 1580 1431 1621 et
1466 1590 1622 1621 comes
1657 1573 1714 1621 de

313 1654 573 1710 Hontit0n2‚
589 1654 733 1700 frater
744 1652 853 1699 dicti
868 1652 1008 1715 regis,
1027 1667 1133 1698 cum
1150 1651 1372 1714 episcopo
1390 1650 1712 1698 Dunelmensi3

310 1738 356 1779 et
397 1731 495 1777 aliis
538 1729 770 1776 nobilibus
811 1727 1040 1791 plurimis.
1087 1727 1282 1774 Obviam
1323 1727 1558 1789 quibus‘a
1602 1743 1712 1790 rege

309 1807 498 1855 Francie
535 1806 663 1853 missi
709 1811 816 1852 sunt
853 1820 1011 1851 comes
1049 1803 1201 1851 Sancti
1245 1803 1368 1851 Pauli
1411 1811 1457 1850 et
1497 1802 1714 1850 dominus

309 1883 568 1933 Ranevallis
588 1883 666 1946 qui
686 1882 744 1929 ad
764 1897 993 1945 expensas
1011 1880 1117 1928 dicti
1133 1880 1256 1944 regis
1276 1879 1465 1928 Francie
1487 1897 1511 1926 a
1532 1879 1714 1927 Kalesio

310 1977 395 2023 per
429 1959 575 2006 bonas
604 1959 734 2005 villas
769 1957 957 2004 Francie
994 1956 1319 2004 conduxerunt
1356 1971 1436 2002 eos
1472 1971 1618 2017 usque
1655 1955 1713 2002 ad

310 2036 466 2082 villam
498 2035 650 2083 Sancti
679 2033 923 2089 Richarii4‚
957 2033 1035 2080 ubi
1067 2033 1234 2079 morati
1261 2037 1367 2078 sunt
1400 2047 1484 2094 per
1510 2031 1714 2094 quinque

311 2112 411 2159 dies
436 2128 489 2158 ac
508 2110 615 2158 inde
636 2110 683 2156 in
703 2109 1040 2164 Dullendium5,
1064 2108 1141 2155 ubi
1164 2124 1250 2171 per
1271 2107 1389 2154 duos
1412 2107 1511 2154 dies
1531 2123 1712 2154 moram

310 2194 569 2235 traxerunt.

357 2351 389 2385 1.
421 2349 628 2393 chronique
656 2349 706 2383 da
737 2349 923 2392 Reliyt'euoe
952 2347 993 2381 de
1023 2346 1302 2391 Stant-Deam,
1334 2351 1362 2381 t.
1394 2345 1435 2391 I,
1464 2356 1500 2392 p.
1531 2345 1612 2381 734.
1644 2344 1713 2381 Cet

310 2413 445 2444 auteur
472 2417 642 2451 nomme,
663 2410 772 2442 outre
794 2405 849 2441 les
869 2415 1132 2452 personnages
1154 2404 1303 2451 anglais
1325 2404 1418 2441 cites
1438 2403 1502 2451 ici,
1529 2403 1565 2440 le
1586 2408 1711 2440 comte

310 2466 355 2502 de
377 2465 548 2503 Rutland
571 2466 620 2512 (p.
642 2464 739 2510 738).

356 2525 391 2561 ⁶2.
414 2525 467 2561 Le
489 2530 612 2561 comte
633 2523 679 2559 de
700 2522 969 2570 Huntingdon,
983 2522 1007 2558 J
1011 2533 1082 2558 ean
1097 2521 1263 2566 Holand,
1281 2521 1345 2570 qui
1366 2522 1421 2558 fut
1442 2521 1509 2558 fait
1527 2521 1612 2568 plus
1627 2520 1711 2556 tard

309 2584 382 2620 duc
403 2583 599 2619 d’Exeter.

357 2643 390 2678 3.
414 2642 570 2677 Walter
592 2641 786 2688 Skyrlaw,
809 2640 954 2686 evaque
976 2639 1021 2675 de
1043 2639 1230 2676 Durham.

357 2702 390 2736 4.
415 2700 728 2747 Saint-Riquier,
751 2700 922 2745 Somme,
938 2698 1269 2734 arrondissement
1290 2697 1541 2743 d’Abbeville,
1567 2701 1707 2734 canton

310 2759 841 2807 d'Ailly-le-Haut-Clocher.

359 2819 392 2854 5.
416 2818 617 2865 Doullens,
640 2818 810 2861 somme,
833 2816 1017 2854 chef-lieu
1040 2816 1418 2853 d'arrondissement.
