1941 3294
315 357 380 394 134
583 358 952 392 CHRONOGRAPHIA
977 356 1130 388 REGUM
1155 354 1433 388 FRANCORUM.
1603 349 1709 395 [1396

314 454 471 485 comes
498 436 713 490 Marchie,
750 434 974 483 Henricus
1006 438 1053 479 et
1083 431 1321 495 Philippus
1352 430 1410 477 de
1442 433 1586 477 Barro
1620 429 1713 476 fra-

312 522 426 571 tres,
447 513 529 561 filii
555 512 685 560 ducis
710 509 967 565 BarrensiS,
992 507 1209 555 dominus
1232 506 1489 562 Couchiaci‚
1519 505 1714 553 Bouchi-

314 590 494 646 caldus,
539 588 730 636 Francie
772 584 1096 640 marescaHUS,
1140 584 1374 631 Johannes
1420 582 1478 629 de
1519 581 1709 638 Vienna,

312 666 504 715 Francie
531 663 833 718 admiraldus,
871 661 1019 708 Guido
1046 659 1103 706 de
1137 660 1180 706 la
1208 659 1456 706 Trimoulla
1491 663 1538 704 et
1570 657 1714 704 frater

313 743 411 807 ejus
437 741 721 796 Guillelmus,
756 736 1022 800 Burgundie
1054 736 1352 783 marescallus
1381 740 1427 782 et
1452 734 1610 797 plures
1639 733 1715 780 alii

312 819 492 866 nobiles
519 818 576 864 de
601 816 806 869 Francia,
830 812 994 877 Anglia
1013 818 1059 859 et
1079 812 1284 860 Almania
1305 812 1382 875 qui
1409 816 1716 874 perrexerant

311 896 357 942 in
385 895 606 942 auxilium
625 892 749 956 regis
770 889 1020 953 Hungarie,
1045 888 1344 953 Sigismondi,
1374 894 1535 935 contra
1554 903 1715 951 regem

312 975 585 1026 Turcorum,
624 967 814 1014 nomine
847 966 1106 1022 Baisacum,
1148 972 1255 1029 post
1289 965 1457 1012 multas
1494 963 1716 1011 victorias

311 1062 427 1108 quas
450 1045 580 1108 prius
599 1044 857 1091 habuerant
876 1058 983 1089 cum
1003 1041 1170 1088 ceteris
1190 1041 1475 1097 Christianis,
1504 1045 1620 1089 xxva
1640 1039 1715 1087 die

312 1120 591 1184 septembris
617 1118 828 1183 ejusdem
853 1118 960 1164 anni
985 1117 1094 1164 victi
1124 1124 1232 1164 sunt
1257 1116 1304 1162 in
1334 1116 1455 1163 bello
1482 1133 1508 1162 a
1534 1115 1710 1171 Turcis,

312 1204 358 1244 et
399 1197 519 1259 capti
555 1202 662 1243 sunt
703 1212 862 1242 comes
901 1193 1198 1241 Nivernensis
1232 1199 1279 1239 et
1319 1192 1414 1239 duo
1447 1191 1716 1239 consobrini

311 1274 426 1337 ejus,
458 1272 683 1320 Henricus
710 1278 754 1318 et
780 1271 1019 1333 Philippus
1045 1269 1103 1317 de
1129 1273 1274 1316 Barro
1301 1274 1348 1315 et
1374 1267 1568 1315 comites
1597 1270 1716 1315 Mar-

311 1351 411 1397 chie
448 1357 495 1397 et
534 1349 774 1405 Aucensis,
818 1347 1008 1396 Francie
1046 1344 1460 1400 conestabularius,
1499 1343 1716 1391 dominus

311 1426 576 1481 Couchiaci,
620 1424 924 1473 Buchicaldus
965 1422 1262 1469 marescallus
1297 1427 1344 1467 et
1384 1420 1533 1468 Guido
1574 1420 1633 1467 de
1673 1420 1715 1467 la

312 1502 584 1558 Trimoulla,
637 1507 795 1548 custos
843 1499 1052 1564 ejusdem
1104 1498 1286 1545 comitis
1329 1497 1628 1545 Nivernensis
1670 1502 1716 1544 et

311 1578 502 1640 quidam
544 1577 740 1640 Anglici.
790 1575 938 1623 Ceteri
979 1590 1093 1620 vero
1140 1574 1185 1619 in
1230 1573 1349 1620 bello
1397 1573 1535 1620 occisi
1577 1576 1712 1628 sunt3

310 1655 430 1701 inter
461 1670 580 1716 quos
614 1653 831 1700 occubuit
862 1653 1094 1700 Johannes
1123 1650 1182 1697 de
1208 1650 1398 1704 Vienna,
1432 1649 1565 1696 miles
1597 1654 1716 1695 stre-

310 1746 429 1777 nuus
463 1729 543 1791 qui
578 1729 758 1776 ferebat
787 1727 1009 1774 vexillum
1041 1727 1174 1773 beate
1211 1725 1365 1772 Marie.
1401 1725 1548 1771 Porro
1575 1723 1716 1787 Sigis-

309 1806 534 1861 mondus,
573 1821 658 1852 rex
691 1804 924 1868 Hungarie
959 1808 1007 1850 et
1045 1801 1251 1849 marchio
1285 1799 1715 1864 Brandeburgensis

309 1899 415 1930 curn
436 1883 646 1946 pluribus
667 1881 934 1930 Christianis
952 1880 1011 1928 de
1030 1878 1280 1943 Hungaria,
1299 1878 1504 1933 Francia,
1530 1877 1711 1941 Anglia‚

309 1959 450 2016 Italia,
490 1959 731 2006 Almannia
759 1964 806 2005 et
831 1957 930 2004 aliis
962 1955 1172 2020 partibus
1199 1954 1306 2018 fuge
1340 1954 1596 2018 presidium
1621 1954 1715 2002 ele-

308 2042 495 2098 gerunt.

372 2113 427 2157 Et
459 2111 496 2157 si
523 2110 581 2156 de
608 2125 769 2156 eorum
801 2106 1069 2171 hujusmodi
1096 2106 1348 2153 infortunio
1376 2105 1493 2152 scire
1519 2104 1667 2169 magis
1689 2123 1714 2153 a

308 2186 447 2249 longo
479 2192 525 2232 et
556 2186 720 2233 diffuse
754 2183 927 2247 aliquid
961 2183 1065 2246 quis
1099 2182 1304 2238 affectet,
1341 2187 1560 2229 noscatur
1585 2181 1712 2245 quod

310 2278 467 2309 mense
503 2261 618 2325 jullii
661 2261 762 2325 (sio)
802 2260 964 2307 ultimo
1002 2259 1150 2321 lapso,
1190 2259 1234 2304 in
1274 2258 1429 2321 vigilia
1460 2257 1714 2305 nativitatis

308 2339 430 2385 beati
463 2338 684 2387 Johannis
718 2335 973 2400 Baptiste1‚
1016 2335 1258 2384 Christiani
1298 2334 1554 2398 supradicti
1587 2335 1714 2381 exie—

308 2422 417 2462 runt
446 2414 505 2461 de
540 2415 725 2462 civitate
745 2412 1056 2463 Viduanensi2
1093 2412 1139 2458 in
1171 2411 1404 2476 Hungaria
1438 2417 1484 2458 et
1512 2411 1714 2458 intrave-

360 2577 393 2611 1.
417 2575 460 2612 23
478 2575 578 2622 juin.

356 2635 389 2671 2.
413 2634 489 2670 Par
510 2634 610 2670 suite
631 2633 744 2669 d'une
760 2632 1039 2679 transposition
1054 2632 1099 2668 de
1117 2643 1207 2668 nom
1223 2631 1434 2679 imputable
1454 2631 1476 2667 a
1490 2642 1566 2667 une
1581 2641 1713 2667 erreur

311 2693 532 2729 facilement
558 2692 785 2740 explicable,
814 2692 841 2727 il
873 2692 952 2727 faut
979 2692 1048 2726 lire
1069 2692 1091 2726 a
1112 2697 1172 2728 cet
1199 2691 1407 2727 endroit-ci
1432 2691 1644 2730 Rudinensi‚
1675 2695 1712 2726 et

311 2751 395 2798 plus
428 2752 516 2798 has,
550 2762 598 2787 au
635 2751 708 2787 lieu
741 2750 786 2786 de
818 2750 1105 2793 Budinensem,
1148 2751 1426 2790 Viduanensem,
1467 2747 1712 2784 c’est-a-dire

312 2810 462 2846 Widin.
497 2810 534 2846 A
564 2820 702 2857 propos
737 2809 787 2845 du
818 2809 946 2857 sejour
976 2808 1042 2845 des
1073 2808 1215 2845 croises
1241 2808 1264 2844 a
1292 2807 1416 2854 Bude,
1443 2818 1493 2844 on
1520 2806 1591 2843 lira
1617 2817 1711 2843 avec
