1941 3294
190 261 294 308 1387]
464 263 833 296 CHRONOGRAPHIA
858 263 1011 295 REGUM
1037 261 1316 294 FRANGORUM.
1542 261 1585 296 87

251 348 302 392 In
327 359 487 390 mense
513 341 766 405 septembri
794 342 983 389 collecta
1008 347 1080 388 est
1105 357 1196 388 una
1221 340 1476 388 semitaillia
1503 359 1588 404 per

187 435 386 484 regnum
425 417 615 466 Francie
655 433 798 480 super
833 417 1087 481 populum;
1128 416 1243 464 item
1273 416 1319 463 in
1352 416 1587 464 februario

187 495 400 559 sequenti
433 494 624 543 collecta
660 499 731 542 est
764 510 856 542 una
888 494 975 542 alia
1010 492 1152 541 taillia
1189 509 1333 557 super
1368 493 1587 541 eumdem

186 573 430 637 populum.

249 651 383 697 Anno
396 654 442 695 et
456 662 614 694 mense
632 647 936 711 prenotatis¹,
954 651 1083 695 sexta
1097 645 1172 693 die
1189 645 1400 711 ejusdem
1416 647 1590 694 mensis

186 732 294 789 post
332 725 534 789 primam
571 723 725 770 Sancti
762 723 938 780 Jacobi,
982 723 1272 771 venerabiles
1311 729 1358 770 et
1400 723 1589 770 discreti

184 802 273 849 viri
291 802 493 849 decanus
513 807 560 848 et
578 800 770 847 facultas
791 801 1021 865 theologie
1047 800 1248 848 Parisius
1268 800 1590 864 sollempniter

183 879 454 943 congregati
487 877 613 941 apud
650 879 870 925 Sanctum
899 878 1177 925 Maturinum
1211 893 1353 941 super
1384 877 1591 925 declara-

183 955 309 1002 tione
330 953 638 1017 quarumdam
665 954 1042 1017 propositionum
1062 953 1294 1001 dictarum
1319 972 1345 1000 a
1364 953 1589 1017 magistro

183 1032 393 1080 Johanne
417 1030 476 1078 de
502 1034 789 1087 Montesono,
820 1030 1044 1094 magistro
1066 1030 1112 1076 in
1132 1029 1383 1093 theologia,
1413 1029 1590 1076 ordinis

182 1111 397 1156 Fratrum
419 1107 812 1163 Predicatorqu,
836 1106 1123 1154 diffinierunt
1147 1113 1192 1153 et
1212 1106 1587 1163 declaraverunt,

184 1191 410 1248 quantum
441 1184 488 1230 in
522 1184 586 1231 eis
617 1190 705 1240 est,
741 1183 1093 1247 proposiciones
1130 1182 1320 1230 inferius
1347 1188 1592 1230 annotatas

185 1263 285 1309 fore
305 1261 487 1325 publice
505 1260 851 1308 denunciandas
871 1260 919 1306 in
940 1260 1076 1307 scolis
1096 1266 1142 1307 et
1159 1259 1472 1316 sermonibus,
1503 1260 1590 1307 sub

183 1338 333 1385 forma
358 1337 550 1384 inferius
581 1342 813 1393 contenta,
852 1337 899 1383 in
931 1353 1039 1384 casu
1068 1352 1163 1400 quo
1189 1336 1340 1384 dictus
1370 1337 1592 1401 magister

184 1414 309 1462 nolet
333 1431 500 1478 parere
520 1414 750 1461 mandatis
777 1413 987 1478 ejusdem
1011 1413 1257 1460 facultatis.

247 1492 399 1539 Prima
438 1491 725 1555 propositio3
771 1508 780 1538 :
823 1491 971 1554 Major
1009 1497 1076 1538 est
1111 1492 1218 1537 unio
1256 1492 1507 1553 ypostatiea
1542 1494 1591 1538 in

185 1569 366 1618 Christo
378 1584 511 1631 quam
523 1570 627 1616 unio
640 1570 776 1616 trium
783 1583 1082 1631 personarum
1092 1569 1141 1615 in
1152 1569 1354 1615 essenoz'a
1364 1569 1586 1616 increata.

183 1674 247 1682 —
285 1649 426 1693 Istam
463 1645 581 1693 dixit
619 1661 669 1692 se
708 1644 882 1692 dixisse
922 1650 1104 1692 tantum
1144 1644 1407 1701 recitative,
1450 1644 1589 1692 nichil

184 1722 456 1771 asserendo.

249 1799 460 1848 Secunda
495 1798 758 1863 propositio
798 1816 808 1845 :
848 1798 1072 1846 Pas-sibile
1110 1805 1177 1846 est
1215 1798 1416 1862 aliquam
1454 1799 1590 1864 [esse]

183 1884 441 1925 ereaturam
470 1875 671 1940 [puram]
701 1891 786 1938 que
810 1878 859 1922 in
878 1878 1013 1939 paris
1037 1876 1327 1923 naturalibus
1353 1878 1419 1923 ita
1443 1884 1592 1939 posset

181 1954 269 2001 sibi
293 1961 336 2001 et
359 1955 528 2001 homini
556 1954 738 2010 mereri,
766 1954 883 1999 sieut
914 1954 1067 2000 anima
1098 1952 1274 2000 Christi
1299 1961 1591 2000 concurrente

230 2096 264 2131 1.
287 2095 342 2131 Cf.
367 2095 576 2139 Chronique
595 2096 645 2130 aa
665 2095 852 2139 Reliyieusc
871 2095 913 2130 de
931 2093 1191 2139 Saint-Denys,
1216 2100 1243 2130 t.
1261 2094 1342 2142 I,p.
1366 2094 1434 2131 490
1455 2100 1493 2130 et
1509 2095 1589 2132 512.

229 2152 264 2188 2.
287 2152 338 2189 Ge
365 2152 519 2188 dernier
544 2157 625 2188 mot
652 2163 674 2188 a
700 2153 761 2188 ete
788 2152 925 2199 gratte,
955 2162 1062 2187 assez
1086 2153 1164 2187 mal
1183 2151 1211 2187 il
1236 2157 1293 2188 est
1313 2151 1412 2199 vrai,
1434 2152 1530 2188 dans
1557 2153 1591 2189 le

183 2211 414 2248 manuscrit.
437 2232 483 2238 —
502 2211 603 2247 Jean
623 2211 669 2247 de
693 2211 877 2248 Montson
897 2210 991 2248 etait
1011 2210 1220 2259 originaire
1247 2209 1446 2259 d'Aragon
1469 2213 1587 2258 (wia,

185 2282 220 2318 p.
245 2270 339 2313 516).

231 2327 265 2363 3.
291 2327 340 2363 Le
361 2332 467 2363 texte
494 2326 560 2363 des
586 2327 844 2374 propositions
863 2326 909 2363 de
929 2327 1030 2363 Jean
1055 2326 1101 2363 de
1127 2327 1309 2363 Montson
1336 2337 1358 2362 a
1384 2327 1445 2363 ete
1472 2327 1591 2363 colla-

184 2386 318 2423 tionne
346 2397 412 2421 sur
443 2385 542 2422 celui
575 2385 619 2421 de
656 2385 784 2422 Pierre
816 2385 974 2433 d'Ailly,
1007 2386 1187 2432 imprime
1217 2386 1312 2421 dans
1343 2385 1393 2421 du
1423 2385 1591 2433 Boulay,

183 2447 346 2482 Historia
372 2447 628 2480 universitatis
654 2446 889 2489 Parisiensz‘s,
911 2450 940 2481 t.
963 2444 1033 2490 IV,
1055 2456 1091 2491 p.
1115 2445 1196 2481 620.
1221 2444 1278 2480 Cf.
1301 2445 1406 2480 aussi
1435 2445 1591 2491 Baluze,

191 2507 274 2540 Vitae
303 2507 492 2550 Paparum
521 2506 841 2547 Avenionensium,
872 2510 900 2540 t.
932 2504 984 2550 II,
1013 2504 1085 2540 col.
1116 2504 1198 2540 991.
1230 2505 1303 2540 Les
1332 2509 1432 2539 mots
1463 2504 1592 2550 places

183 2569 294 2599 entre
315 2563 491 2599 crocbets
511 2568 579 2598 ont
600 2563 660 2598 ete
680 2563 904 2610 empruntes
926 2574 974 2598 au
995 2568 1100 2599 texte
1123 2562 1168 2598 de
1193 2562 1323 2598 Pierre
1341 2562 1498 2610 d'Ailly.
1521 2563 1553 2598 Il
1569 2575 1593 2610 y

184 2633 206 2658 a
226 2622 292 2658 des
313 2621 539 2658 differences
566 2627 677 2658 entre
705 2633 747 2658 ce
773 2622 838 2668 qui
867 2627 925 2658 est
951 2621 1130 2669 imprime
1151 2622 1201 2659 ici
1233 2628 1269 2657 et
1292 2633 1333 2658 ce
1355 2621 1443 2669 qu'a
1462 2622 1591 2669 publie

185 2679 236 2715 du
256 2679 427 2727 Boulay;
451 2679 548 2715 mais
570 2679 625 2715 les
651 2679 908 2727 propositions
939 2688 1027 2716 sont
1053 2680 1107 2716 les
1128 2680 1276 2716 memes
1297 2680 1394 2715 dans
1416 2680 1471 2716 les
1491 2679 1590 2716 deux

188 2744 325 2774 textos.
