1941 3294
327 329 392 366 122
596 334 965 368 CHRONOGRAPHIA
990 334 1143 365 REGUM
1166 333 1444 365 FRANCORUM.
1613 330 1717 375 [1394

325 429 346 455 ι(
378 410 517 466 nisse,
553 412 720 457 Sancto
753 409 944 472 quidem
982 408 1173 470 Spiritu,
1212 415 1263 456 ut
1293 408 1543 464 credimus,
1577 408 1719 455 inter-

325 507 346 532 «
376 487 606 543 veniente,
642 487 804 550 ingens
838 485 1003 533 animis
1028 485 1201 531 nostris
1221 485 1374 532 leticia
1401 500 1588 546 voxque
1614 501 1720 548 gra-

322 582 343 607 «
374 563 608 610 tulationis
632 569 797 609 exorta
823 569 909 616 est,
937 561 1231 623 sperantibus
1256 561 1487 608 universis
1510 567 1718 607 sanctum

324 658 345 683 <t
376 640 489 686 illud
532 639 827 703 propositum
867 638 1162 700 flagransque
1207 637 1492 684 desiderium
1532 636 1720 683 unitatis

323 734 343 759 <t
375 716 576 762 Ecclesie
597 715 876 768 orthodoxe,
901 713 1027 775 quod
1054 713 1221 760 vestris
1242 714 1287 759 in
1310 712 1566 775 precordiis
1592 712 1721 759 inde-

323 811 344 836 «
376 792 580 839 sinenter
610 792 847 853 hucusque
882 790 1106 853 gessistis,
1141 806 1399 853 gerereque
1432 805 1516 835 vos
1541 788 1720 835 avidius

323 887 344 912 α
375 885 618 930 speramus
639 875 684 914 et
709 867 959 922 credimus,
992 883 1113 913 nunc
1138 867 1327 913 tandem
1350 872 1484 913 nacto
1505 871 1719 928 tempore

324 964 343 988 <‹
376 951 641 1006 opportuno
667 943 976 1004 facultateque
1002 942 1059 988 de
1084 943 1182 989 celo
1203 942 1405 989 exhibita
1432 941 1573 988 debet
1592 947 1719 1004 pate-

322 1039 342 1063 «
372 1020 473 1066 fieri
496 1036 548 1066 ac
574 1020 620 1066 in
642 1019 848 1066 medium
870 1018 1083 1081 produci.

385 1116 405 1140 ε(
438 1099 568 1143 Nunc
588 1096 747 1160 igitur,
772 1098 908 1142 Pater
928 1095 1190 1150 Benedicte‚
1216 1101 1265 1142 ut
1291 1111 1375 1141 vos
1400 1094 1589 1142 nomine
1617 1110 1721 1141 ves-

320 1192 340 1217 «
374 1181 445 1219 tro
479 1173 786 1235 alloquamur,
832 1175 985 1227 Pater,
1029 1172 1236 1234 inquam,
1282 1171 1541 1227 benedicte,
1579 1171 1719 1232 inque

322 1269 342 1293 α
373 1250 526 1296 omnia
573 1249 725 1296 secula
762 1248 938 1313 jugiter
988 1248 1311 1302 benedicente,
1363 1247 1719 1295 sacratissimam

321 1346 341 1370 (ι
372 1327 495 1372 illam
529 1326 813 1372 voluntatem
850 1331 979 1371 tanto
1012 1331 1226 1386 tempore
1254 1330 1528 1386 conceptam
1560 1329 1719 1386 partu-

320 1422 340 1446 «
370 1402 484 1459 rite,
536 1418 679 1464 opere
731 1401 1052 1463 exequamini,
1100 1400 1228 1463 quod
1276 1400 1454 1447 tamdiu
1497 1399 1720 1447 intendis-

323 1497 343 1523 «
372 1479 448 1534 tis,
482 1484 570 1526 etc.
611 1498 631 1522 »

379 1555 507 1603 Circa
533 1571 646 1602 vero
680 1555 819 1601 finem
845 1554 981 1618 hujus
1006 1553 1200 1616 epistole
1232 1553 1298 1599 sic
1327 1552 1554 1615 scriptum
1579 1558 1679 1600 erat
1704 1570 1713 1599 ε

319 1651 338 1676 <1
370 1631 416 1679 si
441 1647 554 1678 vero
577 1631 623 1677 in
650 1631 738 1678 hoc
764 1647 906 1694 opere
939 1630 996 1677 ad
1029 1629 1207 1676 exitum
1236 1628 1535 1691 perducendo
1570 1629 1718 1676 nostri

320 1726 340 1751 a
373 1707 546 1754 moduli
604 1706 810 1768 parvitas
865 1705 1076 1753 conferre
1129 1712 1207 1752 aut
1260 1705 1515 1752 subvenire·
1564 1712 1718 1752 vestre

321 1802 342 1826 <t
371 1782 648 1830 Beatitudini
688 1782 1023 1844 aliquantulum
1066 1781 1258 1838 valeret,
1301 1780 1435 1827 nichil
1481 1787 1553 1828 est
1590 1781 1718 1844 quod

320 1879 339 1903 ι(
372 1875 642 1906 recusemus
689 1859 746 1905 ad
799 1875 984 1921 queque
1040 1874 1234 1921 prorsus
1284 1874 1425 1904 onera
1477 1857 1717 1905 subeunda

319 1954 339 1979 c<
371 1952 461 1998 que
487 1935 746 1982 cervicibus
774 1935 944 1981 nostris
969 1935 1211 1997 imponere
1227 1934 1448 1998 jamdicta
1474 1933 1716 1981 Beatitudo

318 2031 338 2056 α
371 2012 653 2076 dignabitur,
682 2011 1018 2075 promptissimi
1047 2027 1224 2058 sumus.
1254 2010 1303 2057 ld
1324 2010 1466 2057 modo
1488 2010 1716 2073 precipia-

318 2108 338 2133 <‹
369 2089 445 2145 tis,
470 2088 581 2150 quid
606 2104 691 2151 per
714 2104 799 2134 nos
819 2087 893 2150 agi
920 2087 1068 2134 velitis
1088 2093 1132 2133 et
1159 2103 1244 2134 nos
1259 2094 1384 2134 certe
1405 2086 1644 2142 faciemuS,
1665 2093 1717 2134 ut

316 2184 336 2209 α
369 2171 577 2212 nostram
606 2164 895 2211 sedulitatem
928 2163 1158 2226 simulque
1190 2162 1462 2210 fidelitatem
1494 2163 1540 2209 in
1576 2180 1629 2210 ea
1664 2180 1715 2210 re

316 2260 337 2285 (ι
368 2240 689 2304 experiamini.
728 2239 1126 2297 Quamobcausam
1163 2240 1478 2303 supplicamus
1518 2240 1716 2287 humilli-

317 2337 336 2362 ς(
367 2324 457 2373 ter,
488 2318 553 2364 uti
573 2323 787 2364 nostrum
810 2317 1056 2381 collegium
1082 2333 1192 2380 ymo
1218 2323 1446 2371 vestrum,
1476 2317 1514 2363 si
1538 2317 1584 2363 in
1606 2333 1716 2364 ocu-

317 2413 336 2437 «
369 2394 422 2440 lis
459 2392 628 2440 vestris
665 2392 754 2439 ulla
788 2391 936 2455 gratia
978 2391 1169 2455 dignum
1206 2399 1292 2448 est,
1335 2392 1423 2438 hoc
1458 2392 1633 2438 honore
1669 2399 1715 2438 et

317 2488 336 2512 <l
369 2484 562 2515 munere
588 2466 859 2532 dignemini,
888 2472 939 2513 ut
963 2467 1210 2514 clemencie
1240 2473 1394 2514 vestre
1415 2467 1589 2514 litteras
1611 2483 1714 2514 sua-

317 2564 336 2589 «
369 2544 583 2591 vissimas
624 2550 778 2590 vestre
818 2543 1151 2590 benedictionis
1185 2543 1441 2590 collatrices
1476 2550 1523 2590 et
1552 2543 1715 2590 volun-

317 2640 336 2664 «
368 2621 475 2668 tatis
522 2620 698 2667 indices
741 2634 1022 2677 mereamur,
1073 2619 1359 2683 quamtotius
1408 2619 1714 2667 commoditas

319 2717 337 2740 «
371 2697 572 2753 affuerit,
603 2697 831 2759 accipere.

383 2793 402 2816 «
434 2773 483 2821 Id
514 2773 637 2820 enim
666 2789 887 2837 magnum
918 2772 1071 2843 gracie
1104 2773 1228 2837 apud
1256 2779 1458 2820 vestram
1492 2774 1713 2821 Sanctita-
