1941 3294
453 281 824 314 CHRONOGRAPHIA
851 282 1002 314 REGUM
1025 282 1303 314 FRANGORUM.
1514 280 1581 316 219

180 377 281 409 rem
314 376 445 408 suam
476 365 522 407 et
553 364 725 406 statum
757 375 891 406 suum
925 374 1099 406 secum.
1130 359 1342 407 Mulieres
1377 359 1586 422 equitant

178 442 229 484 ut
267 436 370 493 viri,
411 434 596 482 habitus
637 434 856 481 honestos
894 434 1118 481 habentes
1159 441 1205 481 et
1245 435 1290 481 in
1331 435 1584 498 equitando

179 512 316 560 nichil
347 512 406 560 de
432 510 636 559 faciebus
666 527 827 558 earum
857 510 1058 566 videtur,
1087 510 1174 557 nisi
1197 527 1338 558 nasus
1364 518 1411 558 et
1443 512 1581 569 oculi,

177 597 225 637 et
247 589 525 654 generaliter
549 604 714 635 omnes
735 587 1033 635 femoralibus
1058 587 1156 635 sive
1181 587 1365 635 brachis
1389 595 1584 635 utuntur

178 673 228 714 ut
254 665 488 721 homines;
518 664 658 712 facies
688 680 850 711 earum
877 680 1040 728 grosse
1066 670 1175 711 sunt
1206 671 1253 712 et
1278 663 1510 712 Tartarice
1538 671 1585 711 et

177 743 340 790 vivunt
366 741 675 789 communiter
695 748 745 788 ut
768 740 980 788 homines
1003 747 1050 788 et
1073 747 1180 789 sunt
1200 742 1259 789 de
1282 748 1406 789 secta
1427 743 1586 788 Sarra-

175 834 416 865 cenorum.

239 898 409 942 Temur
431 897 525 958 Bey
547 893 750 941 comedit
782 893 908 941 solus
942 911 1084 957 super
1110 901 1286 942 terram
1314 894 1361 940 in
1391 894 1584 942 vaxellis

173 971 325 1018 aureis
351 976 397 1017 et
432 970 664 1035 argenteis
695 976 742 1017 et
772 970 829 1017 de
859 970 1058 1034 dapibus
1093 970 1189 1018 suis
1220 971 1458 1018 distribuit
1490 971 1586 1018 suis

172 1047 479 1111 principibus,
522 1046 755 1094 nobilibus
796 1054 843 1094 et
883 1047 1308 1103 ambaxiatoribus;
1355 1055 1401 1095 et
1443 1064 1582 1094 nemo

173 1141 312 1172 ausus
351 1131 422 1171 est
459 1124 840 1188 appropinquare
874 1141 981 1172 eum
1017 1124 1204 1188 quando
1238 1124 1457 1181 comedit,
1495 1124 1583 1171 nisi

172 1206 382 1248 vocatus.
405 1201 502 1248 Filii
523 1201 662 1248 etiam
689 1201 776 1257 sui,
804 1201 1041 1264 principes
1062 1207 1108 1247 et
1133 1201 1333 1247 barones
1354 1217 1402 1247 se
1423 1207 1583 1248 tenent

171 1277 308 1342 longe
329 1277 387 1324 ab
411 1294 467 1325 eo
486 1277 534 1324 in
555 1294 723 1341 magno
741 1294 934 1341 pavore,
959 1284 1003 1324 et
1024 1294 1162 1324 nemo
1177 1277 1306 1325 sedet
1320 1277 1453 1341 juxta
1473 1294 1582 1325 eum

171 1355 259 1402 nisi
279 1355 439 1419 jussus
464 1361 509 1402 et
529 1355 587 1402 ab
610 1354 714 1418 ipso
735 1361 946 1402 vocatus.

236 1431 429 1489 Quando
455 1447 570 1478 vero
596 1431 696 1478 vult
720 1431 880 1495 predis
914 1447 1150 1494 exponere
1180 1430 1382 1493 aliquam
1408 1437 1581 1478 terram

169 1526 311 1572 quam
329 1509 670 1572 conquestavit,
691 1509 792 1573 ipse
812 1508 921 1556 facit
943 1509 1125 1556 elevare
1146 1508 1367 1556 vexillum
1396 1509 1582 1574 nigrum

169 1592 214 1631 et
239 1584 433 1647 quilibet
463 1584 608 1632 currit
634 1584 693 1631 ad
722 1583 870 1647 spolia
896 1590 1046 1639 terre3
1076 1583 1276 1631 diciores
1301 1584 1512 1632 homines
1537 1592 1582 1632 et

168 1661 388 1708 mulieres
414 1667 539 1708 terre
564 1661 764 1709 diversis
789 1661 1036 1708 tormentis
1062 1661 1274 1709 cruciunt
1304 1661 1364 1708 ad
1393 1662 1582 1724 exigen-

169 1738 283 1786 dum
296 1737 497 1802 majores
510 1737 876 1800 redemptiones.
901 1737 1113 1785 Mulieres
1132 1744 1178 1785 et
1194 1738 1416 1801 parvulos
1433 1738 1581 1786 infan-

168 1820 239 1862 tes
262 1815 468 1878 capiunt‚
490 1830 693 1877 quorum
719 1814 900 1877 aliquos
919 1813 1146 1870 vendunt,
1177 1814 1357 1877 aliquos
1378 1815 1580 1862 retinent

167 1898 217 1939 ut
241 1891 438 1946 sclavos,
464 1908 582 1954 quos
602 1890 660 1938 ad
680 1891 889 1938 civitates
909 1907 1016 1938 suas
1036 1891 1250 1948 mittunt;
1277 1892 1390 1939 alios
1406 1891 1581 1939 ducunt

166 1984 326 2015 secum
349 1966 499 2014 nudos
524 1967 570 2013 in
597 1983 764 2031 magna
792 1967 979 2014 miseria
1009 1974 1055 2015 et
1086 1968 1244 2031 plures
1274 1984 1438 2016 eorum
1471 1973 1604 2015 sunt-

166 2044 243 2107 qui
271 2043 392 2091 fame
418 2049 464 2090 et
492 2043 666 2107 frigore
693 2043 932 2090 deficiunt.

230 2124 401 2168 Temur
425 2123 519 2184 Bey
546 2120 778 2168 ordinatio
811 2126 881 2167 est
911 2119 1015 2167 talis
1040 2120 1168 2183 quod
1199 2120 1378 2183 absque
1411 2120 1575 2177 verbo,

165 2197 247 2245 sed
282 2214 368 2260 per
403 2197 588 2261 signum
624 2197 819 2260 quilibet
853 2197 939 2244 scit
974 2197 1087 2260 quid
1119 2203 1313 2260 petunt3
1345 2197 1578 2245 ordinavit

165 2275 305 2322 etiam
331 2273 630 2330 millenarios,
657 2273 948 2321 centenarios
979 2280 1026 2322 et
1055 2273 1258 2321 decanos
1287 2280 1334 2322 et
1366 2274 1578 2338 precepit

165 2350 252 2398 sub
279 2367 397 2414 pena
423 2350 665 2413 plectionis
688 2351 853 2414 capitis
878 2350 1006 2413 quod
1033 2350 1184 2398 nullus
1207 2350 1577 2414 transgrediatur

163 2427 376 2475 ordinem
403 2427 490 2474 sibi
511 2426 751 2474 traditum.
776 2430 941 2475 Secum
963 2427 1088 2475 enim
1116 2427 1253 2475 habet
1272 2427 1443 2474 multos
1464 2443 1574 2490 pro-

162 2503 250 2552 bos
278 2510 324 2551 et
353 2511 569 2551 strenuos
594 2503 763 2551 milites
796 2510 841 2551 et
870 2504 916 2551 in
946 2503 1088 2552 armis
1114 2504 1468 2568 expertissimos
1495 2505 1575 2568 qui

162 2581 220 2628 ab
241 2581 427 2629 ineunte
448 2586 568 2628 etate
593 2597 699 2628 cum
720 2597 776 2628 eo
796 2581 958 2629 nutriti
980 2588 1089 2630 sunt
1109 2586 1154 2628 et
1175 2581 1240 2629 sic
1257 2581 1354 2645 jam
1372 2580 1574 2629 bellave-

162 2664 270 2705 runt
294 2664 508 2722 tempore
538 2658 678 2722 longo
707 2663 754 2705 et
786 2664 893 2705 sunt
924 2658 1095 2706 assueti
1125 2674 1174 2705 se
1205 2674 1394 2721 semper
1420 2657 1573 2705 locare

163 2733 208 2780 in
238 2735 433 2798 campis,
463 2741 510 2782 et
537 2751 630 2782 non
666 2734 994 2799 ingrediuntur
1027 2735 1238 2783 civitates
1273 2734 1357 2783 sed
1383 2750 1572 2799 semper
