1941 3294
355 337 419 373 174
627 340 994 373 CHRONOGRAPHIA
1018 338 1170 370 REGUM
1193 337 1470 370 FRANGORUM.
1641 333 1744 380 [1399

350 417 408 463 ad
440 417 622 464 beatam
653 416 905 480 Virginem,
942 421 1140 461 matrem
1175 414 1291 478 ejus,
1327 420 1373 460 et
1405 412 1463 459 ad
1497 429 1746 475 precurso-

348 509 451 540 rem
484 492 629 547 illius,
672 492 861 539 beatum
906 490 1162 539 Johannem
1203 490 1480 553 Baptistam,
1526 489 1747 537 auxilium

348 585 512 616 eorum
557 584 668 632 erga
707 568 863 631 ipsum
900 565 1148 614 Dominum
1198 572 1410 614 nostrum
1454 570 1554 612 toto
1592 566 1748 613 cordis

349 645 516 692 affectu
537 644 851 707 implorandO.

413 721 617 768 Tandem
642 721 738 768 dux
764 717 1015 766 Henrricus
1044 717 1192 765 fertur
1216 718 1259 765 ei
1286 718 1459 766 dixisse
1491 735 1500 764 :
1530 736 1551 762 α
1581 717 1639 765 Mi
1665 718 1748 765 do-

351 817 371 842 «
404 798 544 851 mine,
569 813 664 844 non
689 795 942 843 turbemini
961 794 1176 857 amplius,
1207 794 1289 842 sed
1316 793 1573 857 expectetis
1596 795 1633 841 si
1651 794 1749 857 pla-

351 891 371 917 «
400 879 472 920 cet
512 873 557 919 in
593 872 768 919 dictum
809 871 932 918 diem
974 870 1251 917 Parlamenti
1291 887 1350 917 ex
1384 876 1517 933 parte
1554 870 1743 927 ducum,

351 967 371 992 α
402 947 642 1003 comitum,
676 947 965 1010 prelatorum
991 952 1038 993 et
1059 946 1445 993 communitatum
1476 946 1625 1009 patrie
1652 946 1746 993 ins-

349 1043 369 1067 «
400 1023 522 1070 tituti
557 1023 684 1085 quod
710 1023 899 1085 incipiet
934 1022 980 1068 in
1020 1023 1106 1069 hac
1131 1022 1237 1068 villa
1267 1022 1314 1068 in
1343 1022 1614 1077 crastinum,
1649 1025 1745 1070 Deo

348 1119 369 1144 c<
400 1099 566 1155 dante;
601 1119 620 1143 >³
651 1099 698 1145 in
725 1115 820 1162 quo
843 1098 1053 1161 quilibet,
1083 1114 1270 1145 causam
1309 1114 1390 1145 seu
1416 1097 1646 1145 rationem
1673 1098 1746 1145 vel

346 1175 617 1239 petitionem
649 1192 780 1223 suam
812 1174 1119 1223 articulariter
1149 1174 1398 1222 ostendere
1434 1174 1624 1237 poterit.
1653 1177 1749 1222 Hec

346 1253 505 1300 dicunt
531 1252 740 1315 quidam.

409 1332 554 1376 Porro
580 1329 654 1376 illa
680 1329 754 1377 die
779 1328 931 1392 prima
953 1328 1175 1385 octobris,
1206 1327 1413 1391 prefatus
1439 1327 1536 1374 dux
1558 1328 1747 1374 Henrri-

345 1422 426 1453 cus
447 1422 553 1453 cum
573 1405 791 1453 omnibus
817 1405 916 1452 aliis
942 1423 968 1452 a
996 1406 1119 1452 dicta
1145 1410 1275 1452 turre
1301 1404 1524 1451 recedens
1551 1404 1664 1451 abiit
1689 1403 1748 1451 ad

344 1483 814 1530 Westmonasterium
841 1487 889 1529 et
919 1481 1094 1529 ibidem
1121 1481 1429 1544 pernoctavit.
1460 1484 1510 1527 In
1544 1480 1747 1528 crastino

343 1574 474 1614 vero,
505 1558 799 1621 congregatis
825 1557 1041 1604 omnibus
1064 1556 1144 1604 ubi
1175 1562 1308 1604 erant
1332 1555 1672 1620 congregandis
1696 1562 1743 1603 et

344 1633 705 1680 consedentibus
724 1633 771 1679 in
794 1633 931 1695 pleno
957 1632 1249 1679 Parlamento
1274 1632 1543 1694 supradicto
1561 1638 1608 1679 et
1631 1631 1748 1679 solio

344 1709 525 1773 justicie
547 1710 624 1757 ubi
651 1710 816 1757 sedere
837 1709 1014 1756 solebat
1032 1725 1162 1756 more
1180 1725 1346 1773 regum
1363 1709 1750 1772 predecessorum

347 1802 539 1832 suorum
566 1802 650 1832 rex
679 1785 960 1842 Richardus‚
995 1785 1212 1849 regaliter
1246 1790 1428 1847 aptato,
1463 1785 1546 1833 sed
1580 1801 1746 1841 vacuo,

347 1862 544 1909 Thomas
565 1862 623 1910 de
652 1863 864 1909 Persiaco
889 1866 934 1909 in
961 1863 1047 1909 hec
1077 1862 1223 1909 verba
1250 1862 1469 1925 prorupit
1504 1879 1514 1908 ;
1550 1881 1570 1906 ((
1602 1863 1638 1909 Ο
1664 1878 1750 1909 vos

351 1957 371 1982 α
402 1955 564 1986 omnes
590 1939 814 1995 audiatis,
844 1955 950 1986 ecce
973 1939 1240 1993 HenrricuS,
1262 1938 1358 1985 dux
1374 1938 1643 1994 Lincastrie‚
1663 1955 1749 1986 rex

351 2034 372 2059 <x
402 2021 558 2063 vester
591 2016 769 2079 Anglie.
806 2035 826 2060 1>
863 2018 989 2062 Tunc
1020 2031 1183 2062 omnes
1208 2014 1373 2077 prelati
1399 2014 1669 2077 dominique
1701 2020 1747 2062 et

345 2092 652 2138 communitas
673 2091 910 2139 Londonie
929 2091 1323 2144 exclamaverunt,
1348 2090 1555 2138 dicentes
1575 2109 1583 2137 :
1606 2110 1626 2135 α
1653 2091 1744 2148 Sic,

349 2186 369 2212 α
401 2168 466 2215 sic
494 2168 711 2215 volumus
739 2168 866 2231 quod
900 2167 1150 2215 Henrricus
1186 2167 1244 2214 de
1277 2167 1529 2214 Lincastria
1567 2167 1628 2215 sit
1663 2184 1747 2215 rex

350 2262 370 2288 ιι
403 2251 561 2291 noster
586 2244 749 2308 Anglie
773 2250 820 2291 et
847 2260 940 2291 non
969 2244 1101 2291 alter.
1137 2262 1157 2288 ι)

410 2322 661 2369 Henrricus
693 2327 847 2368 autem
874 2321 950 2384 qui
984 2321 1043 2368 ad
1077 2320 1199 2368 aliud
1236 2336 1328 2367 non
1355 2320 1606 2384 aspirabat,
1636 2336 1748 2368 mox

347 2413 509 2444 eorum
543 2397 749 2461 opinioni
784 2396 1084 2443 consenciens
1116 2395 1243 2453 abiit,
1275 2402 1321 2442 et
1351 2395 1398 2442 in
1433 2395 1599 2442 eodem
1632 2396 1748 2444 solio

341 2474 540 2538 justicie,
576 2474 655 2521 ubi
687 2472 864 2521 solebat
892 2472 1100 2519 residere
1132 2489 1217 2519 rex
1248 2471 1523 2527 Richardus‚
1552 2472 1743 2520 resedit.

346 2550 517 2598 Deinde
543 2551 719 2598 cunctis
744 2549 1053 2605 audientibus,
1086 2549 1193 2596 fecit
1230 2549 1454 2596 declarari
1480 2549 1676 2611 qualiter
1702 2549 1747 2595 in

348 2627 559 2690 Angliam
584 2626 838 2673 advenerat
861 2631 1056 2689 propter
1081 2626 1342 2688 profectum
1367 2625 1498 2689 regni
1524 2632 1570 2672 et
1589 2625 1748 2689 populi

348 2712 393 2750 et
420 2711 616 2768 propter
641 2720 772 2751 suam
799 2703 1105 2750 hereditatem
1140 2708 1187 2749 et
1219 2702 1345 2766 quod
1380 2719 1465 2749 rex
1490 2702 1747 2750 Richardus

346 2780 562 2845 indignus
587 2787 686 2829 erat
711 2781 909 2844 amplius
929 2780 1060 2843 regio
1086 2779 1347 2827 diademate
1373 2780 1438 2827 uti
1466 2797 1474 2826 :
1509 2798 1528 2823 c<
1555 2779 1686 2837 Quia,
1722 2799 1742 2824 1>
