1941 3294
347 371 411 408 ‘100
617 376 985 409 GHRONOGRAPHIA
1010 375 1164 408 REGUM
1187 376 1467 410 FRANGORUM.
1636 375 1741 422 [1390

347 452 559 516 prelibati
591 453 721 518 regni
754 453 821 500 sui
854 452 1001 516 gallici
1028 452 1254 500 honorem
1287 459 1333 500 et
1357 452 1553 517 gloriam
1582 470 1744 516 quam-

351 529 602 591 plurimum
626 528 1054 576 accumulaverunt⁴
1068 564 1078 574 .

406 609 538 653 Anno
573 606 750 653 Domini
785 605 836 652 M⁰
854 605 957 653 0000
989 605 1289 668 nonagesimo
1325 605 1604 663 LudovicuS‚
1646 606 1744 654 dux

340 681 686 739 Borboniensis,
718 687 909 744 patruus
939 680 1065 743 regis
1097 681 1284 728 Francie
1316 698 1373 728 ex
1401 687 1531 745 parte
1561 682 1740 740 matris,

341 756 399 803 ad
417 758 609 820 propria
633 757 823 804 dimissa
847 755 1044 819 conjuge
1065 772 1147 803 sua
1169 772 1275 803 cum
1295 756 1479 804 duobus
1500 757 1606 804 filiis
1626 758 1739 815 suis,

339 833 574 880 comitissa
606 833 778 879 scilicet
815 831 873 878 de
906 834 1112 888 Foresta,
1150 832 1430 879 consobrina
1464 850 1563 890 sua,
1603 849 1744 896 quam

337 909 609 956 auctoritate
651 907 905 971 apostolica
938 907 1035 971 jam
1069 908 1247 955 dudum
1290 909 1657 973 desponsaverat
1693 908 1739 956 in

337 985 543 1041 Francia,
567 984 870 1048 congregavit
886 984 1146 1031 exercitum
1167 990 1216 1031 ut
1237 985 1324 1032 iret
1347 985 1394 1032 in
1414 985 1632 1033 Affricam
1652 1002 1743 1049 que

337 1060 477 1107 modo
500 1060 721 1107 Barbaria
748 1059 999 1124 vulgariter
1020 1059 1206 1117 dicitur,
1229 1060 1288 1107 ad
1309 1061 1602 1124 gravandum
1623 1061 1743 1109 illius

337 1136 485 1199 patrie
511 1139 788 1184 Sarracenos
817 1142 863 1182 et
892 1135 958 1182 eis
986 1135 1355 1198 inquietudinem
1385 1136 1740 1200 ingerendum&

334 1212 652 1275 recedensque
679 1213 736 1260 de
765 1212 965 1259 Parisius
991 1212 1037 1258 in
1063 1228 1223 1259 mense
1251 1212 1373 1259 maio
1402 1213 1610 1276 ejusdem
1636 1214 1743 1260 anni

335 1288 447 1336 abiit
471 1289 749 1354 Lugdunum
775 1296 821 1336 et
846 1289 954 1336 inde
982 1289 1213 1336 transiens
1239 1289 1433 1352 Alpibus
1465 1289 1609 1337 adivit
1635 1294 1743 1338 Jan-

336 1365 460 1412 niam
483 1366 561 1413 ubi
587 1366 922 1429 aliquantulum
947 1371 1155 1412 moratus
1181 1372 1278 1422 est;
1305 1371 1529 1428 erantque
1550 1366 1612 1413 ibi
1637 1383 1743 1414 cum

335 1458 391 1488 eo
423 1442 661 1505 Philippus
696 1441 755 1489 (10
791 1441 1024 1496 Arthesio,
1061 1458 1219 1488 comes
1254 1441 1388 1505 Augi,
1430 1445 1742 1506 Ingerrannus

335 1517 552 1565 dominus
578 1518 836 1573 Couchiaci‚
861 1518 1009 1565 Guido
1034 1517 1091 1565 de
1117 1518 1158 1565 la
1185 1519 1432 1565 Trimoulla
1457 1519 1676 1566 dominus
1697 1526 1743 1566 et

336 1594 631 1641 marescallus
650 1593 934 1658 Burgundie,
960 1593 1102 1640 frater
1121 1594 1218 1658 ejus
1239 1595 1518 1642 senescallus
1537 1596 1742 1642 Hanonie

333 1676 381 1716 et
406 1670 564 1733 plures
589 1670 670 1730 alii
702 1670 859 1734 magni
890 1669 977 1716 viri
1014 1669 1071 1716 de
1104 1686 1253 1734 regno
1286 1670 1492 1727 Francie‚
1524 1671 1742 1719 dominus

335 1746 533 1793 Thomas
557 1746 614 1793 de
639 1746 852 1792 Persiaco
878 1752 924 1793 et
951 1745 1143 1808 quidam
1169 1746 1344 1810 Anglici
1374 1763 1481 1794 cum
1505 1741 1610 1794 eo3.

395 1822 568 1869 Deinde
600 1822 785 1886 navigio
818 1828 977 1885 aptato
1010 1827 1054 1869 et
1081 1822 1430 1886 provisionibus
1458 1823 1741 1870 sufficienter

377 1952 409 1987 1.
433 1950 465 1986 Il
485 1951 551 1998 n'y
578 1961 600 1986 0
620 1962 772 1987 aucune
802 1952 963 1998 parente
993 1958 1103 1987 entre
1131 1956 1232 1987 cette
1259 1951 1423 1988 relation
1453 1951 1520 1987 des
1546 1951 1674 1998 joutes
1694 1952 1740 1989 de

331 2010 661 2057 Saint-Inglevert
681 2016 719 2046 et
740 2010 855 2046 celles
876 2010 941 2057 qui
962 2017 1047 2046 sont.
1068 2010 1240 2046 inserees
1259 2009 1355 2046 dans
1376 2010 1410 2046 10
1434 2011 1537 2046 Lz'vre
1557 2012 1616 2046 des
1629 2012 1740 2055 faicts

329 2071 380 2104 du
412 2070 618 2104 mareschal
656 2071 851 2104 Boucz‘caat
884 2074 921 2104 et
951 2069 1045 2105 (1005
1079 2069 1114 2104 10
1154 2069 1363 2114 Chronz'que
1396 2070 1446 2104 du
1477 2070 1665 2114 Reliyieuoe
1695 2070 1737 2104 de

333 2128 581 2172 Saint-Denys
604 2128 642 2172 (t.
666 2127 698 2174 Ι,
722 2139 758 2174 p.
782 2127 878 2171 672).

377 2187 411 2223 2.
435 2185 491 2222 Cf.
517 2187 724 2231 Chronz'que
744 2188 794 2222 da
814 2188 1000 2232 Reliyz’euoe
1025 2188 1066 2221 de
1092 2186 1356 2232 Satntfflenys,
1383 2191 1410 2222 t.
1439 2186 1471 2232 Ι,
1499 2198 1535 2233 p.
1558 2186 1640 2223 648.
1663 2185 1739 2222 Sur

331 2251 430 2282 cette
451 2245 670 2292 expedition
691 2245 718 2280 il
739 2245 818 2281 faut
839 2245 1035 2281 consulter
1053 2245 1089 2280 la
1109 2246 1316 2290 Chronz'que
1336 2247 1386 2282 du
1407 2247 1475 2281 bon
1496 2247 1566 2281 duc
1585 2247 1679 2291 Loys
1698 2247 1740 2281 de

331 2306 510 2347 Bourbom
536 2304 593 2340 ed.
617 2303 811 2350 Chazaud,
833 2315 869 2350 p.
891 2304 959 2340 218
981 2303 1002 2339 a
1024 2304 1105 2340 257.

377 2364 410 2400 3.
435 2364 512 2400 Des
541 2364 576 2399 10
605 2363 649 2399 22
677 2374 780 2398 mars
809 2363 898 2399 1390
921 2367 971 2408 (0.
996 2367 1073 2409 st.),
1096 2363 1256 2398 Gharles
1278 2362 1333 2398 VI
1363 2363 1466 2399 avait
1494 2363 1560 2398 fait
1589 2362 1664 2398 don
1686 2362 1732 2399 de

331 2423 399 2459 600
422 2423 549 2460 francs
570 2422 650 2459 d'or
672 2422 694 2458 0
714 2421 889 2458 Karados
911 2422 977 2458 des
999 2422 1174 2466 Quesnes
1206 2436 1221 2455 «
1249 2432 1316 2468 pro
1344 2422 1471 2468 ipsum
1495 2421 1668 2469 juvando
1689 2420 1736 2457 ad

333 2496 347 2516 a
374 2482 593 2518 faciendum
615 2481 784 2528 viagium
804 2480 903 2528 quod
924 2481 1144 2517 Januenses
1166 2481 1306 2517 debent
1327 2481 1454 2518 facere
1476 2492 1589 2527 super
1603 2480 1739 2516 Sarra-

334 2556 349 2575 «
374 2553 490 2578 cenos
514 2555 527 2575 n
553 2541 685 2586 (At-ch.
706 2546 802 2585 nat.‚
826 2540 901 2575 KK
920 2540 973 2585 13,
997 2540 1058 2576 fol.
1082 2540 1123 2575 4⁷1
1147 2548 1198 2575 νῦ.
1223 2532 1337 2575 Etude
1356 2551 1423 2576 sur
1444 2543 1480 2576 la
1506 2543 1560 2575 vie
1587 2541 1628 2575 de
1646 2541 1738 2576 Jean

332 2601 373 2635 Le
394 2601 556 2643 Mercier,
581 2610 616 2645 p.
640 2598 730 2643 137).
754 2599 806 2634 Le
830 2598 1033 2645 Religieux
1054 2598 1098 2633 (10
1121 2597 1389 2646 Saint-Denys
1412 2601 1451 2643 (t.
1474 2598 1507 2644 Ι,
1530 2609 1566 2645 p.
1589 2597 1668 2641 652)
1697 2604 1735 2634 et

332 2657 495 2694 l’auteur
515 2657 559 2693 de
580 2657 617 2693 10
640 2658 848 2702 chronique
867 2658 918 2692 du
939 2659 1007 2692 bon
1027 2658 1097 2692 duc
1120 2658 1204 2702 Loys
1219 2659 1259 2692 de
1275 2659 1442 2693 Bourbon
1465 2660 1512 2704 (p.
1535 2657 1634 2703 226),
1648 2657 1734 2704 plus

329 2723 461 2753 exacts
487 2728 560 2764 que
588 2717 624 2752 10
651 2717 968 2762 Chronoyraphia,
1000 2716 1126 2752 disent
1158 2727 1232 2764 que
1261 2717 1297 2753 10
1331 2716 1404 2753 (100
1437 2715 1679 2763 s’embarqua
1713 2715 1736 2752 ὲ.

336 2775 526 2812 Marseille
547 2781 585 2812 et
604 2776 747 2812 toucha
767 2775 984 2812 seulement
1005 2775 1026 2810 0
1048 2775 1190 2811 Genes.
