1941 3294
289 229 357 265 ‘26⁶3
559 232 929 264 CHRONOGRAPHIA
956 232 1107 264 REGUM
1131 232 1409 265 FRANCORUM.
1581 229 1684 276 [1405

287 315 333 356 et
347 308 629 356 Corbolium.
647 311 699 355 In
713 308 928 356 Corbolio
945 307 1070 354 enim
1084 314 1216 355 erant
1231 309 1407 373 regina,
1425 314 1575 356 mater
1588 310 1687 373 ejus

287 391 334 432 et
358 385 454 432 dux
478 384 834 441 Aurelianensis,
863 384 942 446 qui
969 383 1144 431 ibidem
1171 385 1326 447 ipsum
1352 385 1411 432 ad
1437 385 1686 448 prandium

287 460 611 523 expectabant.
642 463 756 509 Cum
782 461 885 523 ipso
911 459 1036 506 enim
1060 466 1192 507 erant
1217 461 1294 523 qui
1322 477 1429 508 eum
1455 462 1688 508 concomi-

288 537 503 584 tabantur
519 542 565 584 et
579 537 826 593 ducebant,
848 535 1109 583 Ludovicus
1126 536 1184 583 de
1204 538 1412 593 Bavaria,
1434 538 1687 585 avunculus

285 613 386 676 ejus
404 628 463 659 ex
483 617 615 674 parte
638 611 818 667 matris,
842 610 1047 657 marchio
1070 611 1128 658 de
1148 614 1308 669 Ponte,
1333 628 1490 659 comes
1516 615 1689 675 Domp-

286 688 536 744 nimartini,
567 703 763 751 magnus
797 686 1018 750 magister
1042 687 1234 750 hospicii
1269 687 1419 752 regis¹
1455 694 1501 735 et
1530 688 1689 751 plures

286 764 385 819 alii;
409 764 454 810 in
477 764 634 810 lectica
651 768 750 809 erat
770 769 816 809 et
835 762 1023 809 domina
1044 762 1102 810 de
1122 764 1348 821 Pratellis,
1373 780 1493 811 uxor
1512 764 1689 811 domini

285 839 444 887 Jacobi
471 839 528 885 de
551 838 813 885 Borbonio2
840 855 946 885 cum
972 855 1048 886 eo.

349 918 507 976 Itaque
528 913 624 960 dux
645 913 719 960 ille
738 913 1006 977 Burgundie
1026 913 1084 960 ad
1104 914 1259 977 ipsum
1279 915 1521 972 accedens,
1542 917 1689 963 maxi-

286 1007 414 1037 mum
447 991 676 1036 honorem
712 990 798 1036 sibi
830 990 1056 1045 exhibuit,
1091 991 1346 1038 humillime
1383 993 1688 1055 supplicando

286 1066 502 1128 quatinus
517 1082 623 1113 cum
635 1083 689 1113 eo
702 1066 842 1112 vellet
853 1067 1026 1113 reverti
1042 1066 1241 1114 Parisius
1252 1073 1297 1114 et
1307 1068 1480 1115 ibidem
1494 1070 1685 1126 morari,

285 1142 373 1189 hoc
399 1142 614 1189 addendo
644 1142 770 1204 quod
797 1142 861 1189 ibi
887 1142 1051 1189 melius
1077 1148 1198 1190 esset
1225 1160 1366 1206 quam
1392 1144 1551 1192 nullibi
1582 1145 1690 1192 alibi

285 1221 329 1266 in
354 1236 499 1283 regno
524 1226 570 1266 et
589 1220 715 1283 quod
740 1220 940 1268 Parisius
959 1220 1159 1267 habebat
1185 1237 1342 1268 secum
1362 1221 1488 1284 loqui
1509 1222 1569 1269 de
1588 1223 1690 1285 plu-

284 1297 414 1343 ribus
428 1296 567 1343 certis
582 1296 800 1360 negociis
815 1299 913 1343 Hoc
924 1296 1065 1353 dicto,
1081 1313 1191 1343 mox
1207 1298 1467 1345 Ludovicus
1479 1298 1538 1346 de
1551 1302 1690 1346 Bava-

284 1372 352 1418 ria
373 1371 536 1419 videns
566 1371 771 1418 animum
797 1372 982 1435 nepotis
1009 1374 1108 1419 fore
1132 1372 1400 1420 inclinatum
1421 1373 1479 1420 ad
1499 1390 1690 1437 reques—

284 1456 380 1495 tam
401 1448 531 1495 ducis
552 1448 816 1512 Burgundie
836 1448 1200 1511 adimplendam,
1225 1449 1342 1496 dixit
1361 1450 1528 1497 eodem
1545 1451 1652 1498 duci
1676 1469 1684 1497 :

289 1543 307 1568 (ι
339 1525 534 1571 Domine
554 1525 837 1588 Burgundie,
859 1525 1101 1572 dimittatis
1118 1525 1247 1572 abire
1263 1525 1505 1573 dominum
1522 1527 1691 1589 Aequi—

289 1618 308 1642 «
341 1600 481 1653 tame,
504 1606 722 1663 nepotem
739 1617 914 1658 meum,
938 1607 1047 1664 post
1065 1601 1275 1665 reginam
1294 1608 1341 1648 et
1358 1601 1526 1649 ducem
1545 1603 1692 1650 Aure-

287 1695 306 1720 «
337 1676 613 1732 lianensem,
653 1677 932 1724 avunculum
968 1692 1129 1733 suum,
1167 1677 1245 1724 ubi
1279 1693 1509 1725 consensu
1544 1678 1685 1742 regis,

286 1772 305 1797 <‹
339 1752 485 1816 patris
512 1752 600 1808 sui,
625 1753 714 1815 ipsi
740 1753 913 1800 faciunt
933 1754 1017 1800 i're.
1050 1773 1070 1797 »

346 1828 522 1876 Deinde
558 1830 681 1876 clare
713 1835 759 1876 et
793 1829 1009 1877 distincte
1046 1829 1244 1877 inhibuit
1279 1847 1337 1877 ex
1375 1836 1508 1893 parte
1542 1831 1684 1895 regis,

281 1905 500 1952 omnibus
527 1906 605 1968 qui
632 1905 843 1961 aderant,
875 1906 1003 1968 quod
1027 1922 1166 1952 nemo
1191 1912 1388 1968 poneret
1413 1922 1603 1954 manum
1629 1907 1688 1954 ad

281 1980 492 2028 lecticam
529 1982 652 2045 ejus,
692 1999 777 2029 nec
815 1982 1065 2045 impediret
1099 1999 1207 2029 eum
1245 1983 1356 2045 quin
1392 1983 1516 2029 viam
1548 1999 1689 2045 quam

282 2056 520 2120 inceperat
545 2065 760 2121 carperet
787 2066 895 2121 post
919 2059 1085 2107 ducem
1105 2059 1482 2107 Aurelianensem
1503 2066 1548 2106 et
1568 2061 1690 2124 regi-

283 2149 388 2179 nam
416 2139 615 2180 matrem
641 2135 756 2198 ejus.
785 2135 961 2192 Quibus
981 2134 1328 2183 inhibitionibus
1349 2143 1395 2183 et
1414 2136 1570 2184 multis
1589 2136 1689 2183 aliis

283 2209 455 2264 verbis,
472 2210 544 2258 hic
558 2210 834 2258 intermissis
845 2227 980 2259 causa
997 2212 1253 2268 brevitatis,
1270 2229 1362 2259 non
1373 2212 1684 2270 obstantibus,

283 2284 405 2332 idem
433 2286 529 2334 dux
556 2287 821 2351 Burgundie
843 2288 902 2335 de
929 2288 1048 2335 facto
1075 2288 1283 2335 lecticam
1310 2289 1417 2336 fecit
1442 2289 1617 2337 reverti
1642 2296 1688 2336 et

282 2364 435 2426 ipsum
469 2364 636 2411 ducem
668 2363 963 2427 Acquitanie,
998 2381 1224 2428 generum
1257 2382 1415 2422 suum,
1453 2382 1558 2413 cum
1591 2372 1685 2413 tota

281 2446 417 2503 gente
461 2457 542 2487 sua
586 2439 774 2487 reduxit
817 2440 1016 2487 Parisius
1031 2479 1041 2497 ,
1084 2441 1293 2504 exceptis
1333 2442 1588 2504 marquisio
1628 2441 1686 2488 dc

280 2519 441 2572 Ponte,
471 2517 648 2564 comite
678 2516 1067 2580 Dompnimartini
1105 2524 1151 2565 et
1177 2518 1458 2581 quibusdam
1496 2518 1595 2566 aliis
1627 2517 1685 2566 de

329 2647 360 2681 1.
383 2645 483 2682 Jean
504 2646 549 2682 de
570 2646 784 2693 Montaigu.

328 2703 361 2739 2.
386 2704 633 2752 Marguerite,
649 2705 760 2742 dame
776 2705 822 2742 de
839 2705 1007 2751 Preaux,
1023 2706 1161 2743 femme
1175 2706 1222 2744 de
1235 2707 1259 2743 J
1262 2717 1404 2754 aeques
1417 2706 1462 2743 de
1485 2706 1682 2751 Bourb0n‚

282 2763 402 2809 grand
422 2763 626 2801 bouteiller
646 2764 691 2801 de
711 2765 874 2802 France.
