1941 3294
239 259 342 305 1405]
511 261 879 295 CHRONOGRAPHIA
905 262 1057 295 REGUM
1080 261 1358 294 FRANCORUM.
1562 258 1629 295 263

234 339 403 387 familia
428 339 558 386 ducis
583 338 940 395 Aurelianensis,
969 338 1050 401 qui
1075 338 1181 385 exin
1208 337 1332 400 apud
1364 337 1629 386 Corbolium

233 416 367 464 valde
387 416 606 464 velociter
632 415 875 479 fugientes,
900 414 1091 478 prefatis
1110 413 1218 462 duci
1243 421 1286 461 et
1312 414 1471 478 regine
1498 414 1630 461 dixe-

232 498 341 539 runt
355 492 414 539 de
431 491 698 539 reversione
715 490 846 538 ducis
859 490 1128 553 Acquitanie
1143 490 1344 538 Parisius
1361 507 1446 553 per
1463 490 1630 538 ducem

231 567 496 631 Burgundie
519 567 637 614 facta
663 572 708 613 et
733 567 926 615 modum
952 567 1164 629 qualiter,
1194 567 1318 615 unde
1344 567 1483 614 ambo
1511 567 1631 614 ultra

199 657 201 659 ·
233 643 424 690 modum
454 648 752 706 stupuerunt.

292 721 351 764 Et
371 718 477 780 quia
498 717 766 765 nesciebant
786 717 845 765 de
865 717 982 765 duce
1004 717 1270 782 Burgundie
1289 717 1402 782 quid
1422 718 1633 765 intende-

229 794 308 841 bat
327 795 495 850 facere,
521 794 718 842 multum
738 794 1088 851 dubitaverunt,
1113 795 1159 842 in
1183 801 1366 842 tantum
1387 795 1514 858 quod
1534 795 1633 858 ipse

229 870 325 918 dux
359 871 699 918 Aurelianensis
736 887 820 918 suo
855 871 1070 934 prandio,
1109 871 1236 934 quod
1270 877 1482 935 aptatum
1513 878 1629 926 erat,

227 947 442 1002 dimisso,
474 963 616 1010 super
647 964 793 995 unum
819 948 1026 995 velocem
1064 949 1323 996 cursarium
1357 948 1633 1012 quantocius

225 1023 359 1087 fugiit
391 1023 687 1071 Meledunum
718 1031 764 1071 et
797 1024 957 1088 regina
988 1031 1097 1088 post
1128 1040 1235 1072 eum
1272 1030 1318 1072 et
1351 1024 1544 1088 quilibet
1575 1024 1633 1072 de

226 1116 389 1147 eorum
416 1100 633 1164 hospiciis
653 1117 735 1148 seu
754 1100 936 1148 familiis
956 1107 1062 1164 post
1083 1101 1184 1148 eos⁴
1198 1138 1208 1148 .

290 1178 405 1225 Cum
433 1184 586 1224 autem
614 1178 710 1224 dux
735 1177 1006 1240 Acquitanie
1035 1184 1080 1225 et
1111 1178 1182 1225 sui
1210 1194 1316 1225 cum
1343 1195 1398 1225 eo
1427 1183 1635 1225 reverte-

224 1261 404 1309 rentur,
435 1260 482 1301 et
512 1254 609 1302 dux
645 1254 930 1318 Burgundio,
966 1271 1018 1301 ac
1050 1254 1144 1301 duo
1184 1255 1352 1301 fratres
1391 1254 1489 1318 ejus
1525 1271 1633 1302 cum

224 1330 442 1377 omnibus
467 1330 579 1386 suis,
604 1331 683 1393 qui
710 1336 843 1377 erant
862 1331 993 1393 quasi
1016 1331 1210 1377 trecenti
1231 1330 1462 1377 bachineti
1481 1330 1631 1377 homi-

225 1422 337 1453 num
357 1422 598 1453 armorum
619 1405 766 1453 eciam
787 1422 893 1453 cum
922 1422 994 1462 eo,
1020 1411 1066 1452 et
1085 1406 1484 1469 apropinquarent
1508 1406 1633 1453 Pari-

223 1482 336 1538 sius,
366 1499 472 1530 ecce
499 1482 595 1530 dux
629 1482 946 1539 Bituricensis,
976 1498 1033 1529 ex
1061 1488 1195 1545 parte
1220 1483 1346 1547 regis
1371 1488 1482 1530 tunc
1507 1483 1633 1530 Pari-

222 1559 386 1606 siensis
417 1559 704 1622 capitaneus,
733 1575 820 1606 rex
843 1562 1066 1616 Navarre,
1091 1558 1188 1606 dux
1207 1559 1444 1617 Borbonii,
1473 1576 1630 1607 comes

219 1635 419 1682 Marchie
438 1642 483 1682 et
502 1635 664 1698 plures
680 1635 753 1682 alii
772 1635 948 1682 domini
969 1651 1076 1683 cum
1099 1635 1413 1699 burgensibus
1434 1642 1480 1683 et
1500 1635 1630 1683 habi-

220 1712 449 1759 tatoribus
463 1711 521 1758 de
535 1711 738 1759 Parisius
751 1718 976 1759 exeuntes
986 1711 1045 1759 de
1060 1712 1185 1768 villa,
1200 1719 1430 1759 venerunt
1443 1712 1630 1759 obviam

220 1788 401 1852 prefato
428 1787 534 1835 duci
561 1787 849 1850 Acquitanie,
880 1787 959 1850 qui
985 1804 1089 1835 cum
1117 1788 1307 1851 copiosa
1332 1788 1629 1836 multitudine

220 1864 354 1911 valde
379 1864 664 1911 honoranter
683 1865 839 1911 villam
865 1865 1071 1921 intravit,
1094 1865 1363 1913 hominibus
1389 1882 1627 1913 armorum

219 1940 329 1988 dicti
351 1940 482 1988 ducis
505 1941 770 2005 Burgundie
790 1958 940 2004 eoque
957 1957 1064 1989 cum
1083 1941 1268 1990 duobus
1288 1942 1510 1990 fratribus
1534 1943 1629 1990 suis

219 2033 407 2080 semper
434 2017 566 2081 juxta
602 2034 708 2065 eum
753 2033 839 2080 per
873 2017 1030 2065 villam
1074 2018 1248 2082 passim
1290 2018 1624 2081 equitantibus,

216 2093 482 2157 usquedum
507 2094 564 2141 ad
592 2100 796 2142 castrum
816 2094 874 2141 de
900 2098 1082 2158 Lupara
1108 2095 1371 2158 pervenit2.

282 2172 382 2227 Quo
417 2170 635 2226 intrante,
669 2187 756 2233 per
790 2171 966 2219 dictum
1011 2171 1300 2219 Ludovicum
1332 2171 1391 2219 de
1434 2172 1627 2219 Bavaria

216 2262 328 2294 mox
354 2246 412 2294 de
440 2246 600 2294 lectica
620 2246 879 2311 depositus,
906 2247 1080 2294 ibidem
1107 2248 1285 2295 locatus
1303 2254 1390 2305 est,
1409 2248 1625 2296 omnibus

264 2376 297 2411 1.
320 2376 373 2412 Le
393 2376 414 2411 ἱ)
436 2376 666 2423 septembre,
683 2375 705 2412 ὁ,
720 2375 866 2423 Melun,
884 2377 918 2413 le
934 2376 1007 2414 duc
1022 2376 1223 2414 d’Orleans
1245 2377 1374 2424 publia
1389 2388 1466 2413 une
1481 2383 1624 2423 protes-

215 2434 338 2470 tation
360 2440 493 2471 contre
516 2445 558 2471 ce
580 2445 677 2481 coup
698 2435 743 2471 de
763 2435 866 2472 force
884 2435 1022 2481 (Donet
1039 2435 1197 2483 d’Arcq,
1217 2437 1330 2472 Clcoiz
1349 2437 1390 2472 cle
1408 2438 1521 2482 pie'ces
1543 2439 1622 2472 ίηέ-

213 2494 303 2529 dites
323 2496 488 2529 relatives
509 2505 559 2529 au
581 2496 687 2538 regne
706 2495 747 2530 de
769 2495 918 2530 Charles
947 2496 997 2536 VI,
1022 2500 1050 2531 t.
1075 2495 1108 2541 Ι,
1132 2507 1166 2542 p.
1190 2495 1287 2541 273).

260 2551 295 2588 2.
320 2551 370 2587 M.
395 2552 521 2588 Donet
542 2550 685 2599 d'Arcq
706 2563 727 2588 a
747 2552 875 2599 public
896 2564 972 2590 une
993 2555 1070 2590 tres
1092 2554 1268 2590 eurieuse
1290 2554 1399 2590 lettre
1421 2554 1581 2591 relative
1602 2554 1623 2590 ἐι

216 2610 486 2647 l’enlevernent
507 2610 556 2646 du
575 2611 691 2658 jeune
712 2611 844 2658 prince
866 2614 994 2656 (Ghoz'oe
1021 2615 1062 2649 de
1079 2616 1194 2659 pieces
1216 2615 1367 2649 z'ne'cliles
1387 2616 1553 2650 relatives
1573 2625 1623 2649 au

219 2672 325 2715 reque
344 2672 386 2706 de
406 2671 554 2707 Charles
581 2671 631 2713 VI,
656 2677 682 2707 t.
705 2671 737 2717 Ι,
760 2683 796 2718 p.
824 2672 905 2709 969.
931 2672 986 2709 Cf.
1010 2672 1059 2709 A.
1083 2673 1249 2720 Tuetey,
1271 2674 1429 2709 Journal
1457 2675 1498 2710 (le
1517 2675 1624 2710 Nico-

218 2731 272 2765 las
293 2730 334 2765 de
354 2731 460 2776 Baye,
484 2735 511 2765 t.
535 2729 566 2775 Ι,
588 2741 623 2776 p.
648 2730 741 2775 1137).
