1941 3294
175 287 278 333 1400]
448 289 817 322 CHRONOGRAPHIA
845 290 997 322 REGUM
1021 288 1299 321 FRANCORUM.
1504 287 1569 323 187

173 372 334 414 contra
353 382 450 422 eos,
475 366 768 413 tradiderunt
784 382 864 413 eos
881 365 1035 413 comiti
1054 365 1308 421 Arondelli‚
1332 372 1383 413 ut
1399 365 1572 413 faceret

173 459 231 490 ex
252 443 318 491 eis
338 443 593 490 secundum
613 442 740 505 quod
767 437 941 489 bonum
968 441 1052 489 sibi
1074 441 1330 489 videretur.

113 582 116 586 ἢ
237 523 363 567 Tunc
403 536 560 566 comes
599 519 836 565 Arondelli
878 519 1010 583 petiit
1049 519 1223 582 populo
1257 519 1423 566 astanti
1459 519 1572 582 quid

172 603 250 644 aut
274 597 471 659 qualiter
497 601 656 659 ageret
684 595 742 642 de
768 595 834 642 eis
864 613 873 642 :
905 596 983 658 qui
1015 586 1178 642 omnes
1208 612 1301 642 una
1327 612 1443 643 voce
1474 613 1573 643 res-

171 673 436 736 ponderunt
462 672 588 736 quod
616 688 697 719 eos
723 672 862 719 morti
884 672 1107 719 traderet.
1132 675 1258 719 Tunc
1279 688 1436 719 comes
1455 672 1574 719 dixit

171 750 437 805 Waldanio‚
476 749 826 812 archiepiscopo
864 749 1206 805 Cantuariensi‚
1246 748 1373 812 quod
1407 765 1492 795 rex
1527 754 1574 796 et

170 826 477 873 communitas
494 826 731 873 Londonie
748 826 1034 873 concedebat
1053 826 1091 872 ei
1113 826 1256 873 vitam
1272 841 1426 882 suam3
1449 825 1573 889 epis-

169 919 315 966 copus
355 909 509 950 autem
554 902 872 950 Carleonensis
915 909 962 949 et
1005 903 1148 950 abbas
1186 902 1571 950 Wesmonasterii

167 1063 272 1103 ante
292 1056 548 1119 patibulum
569 1056 804 1103 Londonie
824 1056 1007 1103 nomine
1032 1056 1290 1113 Tuborne1,
1315 1056 1394 1103 ubi
1415 1056 1570 1103 decol—

167 1133 245 1180 lati
271 1139 378 1181 sunt
417 1150 426 1179 :
457 1133 611 1196 primo
645 1133 856 1180 videlicet
888 1133 1105 1180 dominus
1136 1133 1401 1180 Bernardus
1425 1136 1570 1180 Beau-

167 1209 320 1265 chaes,
350 1209 554 1257 secundo
580 1209 893 1273 Magdalenus,
923 1209 1069 1256 tercio
1091 1209 1313 1272 magister
1339 1210 1569 1257 Johannes

166 1286 483 1343 Herbicensis‚
531 1293 698 1349 quarto
746 1292 793 1333 et
841 1286 1004 1333 ultimo
1048 1285 1266 1333 dominus
1310 1286 1570 1349 Stephanus

168 1363 594 1427 supranominatus.

228 1442 445 1487 Preterea
487 1456 572 1486 rex
613 1438 863 1486 Henrricus
900 1438 1172 1501 quemdam‘
1196 1439 1392 1487 militem
1433 1455 1570 1487 suum

164 1516 350 1563 nomine
381 1519 570 1563 Petrum
598 1515 846 1572 d'Exton²‚
874 1521 925 1563 ut
950 1516 1136 1573 dicitur,
1168 1516 1294 1564 misit
1319 1516 1376 1563 ad
1408 1517 1570 1564 castel-

163 1593 258 1640 lum
287 1593 365 1640 ubi
392 1593 590 1640 condam
616 1609 701 1640 rex
726 1592 982 1640 Richardus
1008 1593 1054 1639 in
1085 1593 1296 1640 custodia
1322 1594 1570 1640 tenebatur

163 1675 214 1717 ut
236 1669 527 1717 occideretur
548 1675 594 1716 et
613 1670 700 1716 hoc
720 1676 769 1716 ut
789 1669 1021 1717 sentencia
1042 1670 1318 1717 Parlamenti
1344 1670 1569 1733 adimple-

163 1752 295 1793 retur
315 1763 404 1809 que
425 1746 527 1793 talis
548 1752 646 1793 erat
666 1745 792 1808 quod
814 1746 851 1793 si
871 1746 1130 1793 commocio
1151 1746 1393 1794 hominum
1413 1763 1568 1793 armo-

164 1840 269 1870 rum
312 1823 515 1870 oriretur·
554 1823 600 1869 in
642 1823 804 1887 Anglia
845 1828 1040 1887 propter
1079 1840 1204 1880 eum,
1244 1823 1344 1887 ipse
1384 1824 1567 1886 primus

163 1901 470 1947 morereturss.

228 1978 326 2034 Quo
359 1982 520 2024 necato
553 1977 739 2024 allatum
774 1983 843 2023 est
885 1993 1057 2039 corpus
1092 1976 1191 2040 ejus
1228 1976 1479 2024 Londoniis
1520 1977 1565 2024 in

162 2053 365 2116 quodam
407 2053 618 2101 vehiculo
663 2070 794 2100 more
841 2053 1065 2100 nobilium
1113 2053 1243 2117 nigra
1287 2060 1566 2117 coopertura

161 2206 306 2253 sancti
340 2207 522 2270 Georgii
553 2213 599 2253 et
629 2206 714 2253 alia
746 2207 888 2253 armis
921 2207 1064 2254 sancti
1093 2206 1362 2264 Edowardi,
1393 2208 1566 2256 scilicet

161 2283 219 2330 de
257 2283 426 2330 lazurio
470 2284 528 2330 ad
571 2300 707 2331 unam
749 2300 935 2332 crucem
977 2300 1165 2331 auream
1210 2300 1315 2331 cum
1360 2285 1564 2347 quinque

160 2359 370 2422 coquillis
403 2359 570 2416 aureis,
601 2360 1016 2407 concomitantibus
1045 2376 1151 2408 eum
1181 2361 1385 2423 quinque
1415 2360 1564 2408 homi-

207 2519 239 2554 1.
264 2517 439 2565 Tyburn.

206 2575 240 2611 2.
264 2575 372 2611 Piers
394 2576 533 2612 Exton.

206 2634 239 2670 3.
264 2634 336 2670 Les
369 2634 606 2670 manuscrits
638 2634 683 2671 de
715 2635 751 2671 la
784 2636 1009 2682 Chronicque
1039 2638 1081 2673 de
1110 2640 1147 2673 la
1175 2641 1315 2673 traison
1341 2642 1372 2672 et
1399 2642 1494 2673 mort
1521 2640 1562 2673 de

158 2694 310 2729 Richart
328 2695 423 2729 deum
442 2694 595 2740 placent
621 2694 656 2729 le
682 2694 777 2731 recit
803 2693 854 2731 du
880 2701 1047 2733 meurtre
1074 2695 1122 2731 du
1153 2696 1206 2732 roi
1228 2696 1562 2734 immediatement

158 2753 269 2798 apres
290 2751 325 2788 la
347 2752 506 2789 relation
528 2752 573 2788 de
596 2753 631 2788 la
654 2753 803 2789 rentree
824 2753 1054 2801 triomphale
1074 2754 1234 2791 d’Henri
1255 2754 1277 2790 a
1295 2754 1479 2791 Londres.
