1941 3294
228 294 330 342 1405]
500 298 869 332 CHRONOGRAPHIA
894 300 1046 333 REGUM
1071 300 1349 335 FRANCORUM.
1554 299 1621 335 257

225 392 374 439 usque
399 376 509 424 satis
535 392 683 439 prope
718 378 908 440 po'rtum
939 377 1095 424 Scluze
1119 378 1417 440 perveniens,
1448 377 1621 425 ibidem

224 453 494 509 arrestavit3
536 458 852 515 exeuntesque
891 470 949 500 ex
990 453 1186 501 navibus
1226 471 1368 517 super
1407 470 1618 518 gravam,

224 530 342 577 mari
367 535 569 577 retracto
599 535 726 587 tunc,
762 530 894 592 quasi
917 538 967 579 V⁵¹
988 530 1231 578 hominum
1262 547 1503 578 armorum
1536 547 1623 594 per

222 623 367 654 unum
392 606 594 654 milliare'
616 623 783 669 parum
818 607 921 669 plus
954 607 1184 663 minusve,
1221 606 1367 670 pedes
1392 612 1622 654 venerunt

221 687 269 729 et
288 682 507 729 audacter
526 682 735 745 aggressi
759 687 867 729 sunt
882 682 1035 729 villam
1049 688 1094 730 et
1114 681 1400 730 castellum1.
1419 682 1490 729 Hii
1508 699 1622 729 vero

222 758 280 805 de
299 759 405 805 villa
430 765 476 805 et
500 758 580 821 qui
602 758 646 805 in
671 758 859 805 castello
882 765 1014 806 erant
1033 759 1171 806 nichil
1195 759 1286 806 tale
1306 758 1623 822 premeditan-

221 839 309 891 tes,
345 832 669 880 nichilominus
701 834 786 882 sub
817 840 968 888 tractu
1007 834 1393 891 bombardarum,
1430 834 1623 881 trabun-

220 910 431 957 eulorum
460 915 506 956 et
531 909 803 957 balistarum
828 910 1022 958 viriliter
1047 928 1128 958 eos
1157 910 1431 974 repulerunt
1454 916 1500 957 et
1524 910 1622 957 fere

220 1002 278 1032 ex
313 986 381 1034 eis
413 992 493 1034 an
524 985 792 1034 occiderunt
831 1005 840 1033 ε
878 987 998 1034 inter
1031 1004 1149 1050 quos
1185 987 1317 1050 quasi
1355 986 1622 1050 capitaneus

219 1079 406 1121 eorum,
442 1079 599 1110 comes
635 1062 850 1110 videlicet
887 1064 946 1111 de
982 1063 1303 1121 Pennebroc2‚
1346 1069 1396 1111 ut
1433 1063 1617 1120 dicitur,

219 1139 398 1187 occisus
421 1145 509 1187 est.

281 1219 338 1263 Et
372 1217 478 1279 quia
501 1234 527 1264 a
553 1216 649 1264 suis
679 1216 1056 1280 exploratoribus
1090 1216 1337 1265 audierunt
1372 1217 1499 1280 quod
1526 1217 1622 1264 dux

218 1294 485 1359 Burgundio
512 1300 557 1342 et
581 1311 688 1342 cum
720 1311 776 1342 eo
809 1295 1137 1342 Gandavenses
1172 1295 1443 1342 festinanter
1468 1295 1623 1342 venie-

219 1371 330 1418 bant
378 1376 540 1418 contra
584 1388 689 1427 eos,
737 1371 1083 1434 perpendentes
1137 1387 1325 1434 quoque
1374 1371 1623 1436 Flamingis

218 1447 355 1495 nichil
381 1447 489 1495 mali
516 1448 670 1494 facere
696 1453 930 1510 poterant,
961 1447 1163 1511 acceptis
1193 1447 1471 1511 corporibus
1497 1465 1624 1495 mor-

216 1530 406 1572 tuorum
432 1540 625 1571 suorum
651 1529 697 1570 et
722 1523 769 1570 in
796 1524 996 1586 quadam
1021 1523 1164 1571 domo
1189 1524 1336 1571 veteri
1363 1525 1441 1572 ubi
1467 1525 1622 1589 ignem

217 1600 528 1648 accenderunt
558 1600 738 1664 jactatis
773 1606 819 1648 et
852 1600 1104 1653 succensis,
1139 1617 1245 1648 cum
1278 1617 1477 1665 corpore
1512 1601 1623 1649 dicti

216 1677 397 1725 comitis
423 1694 472 1725 se
493 1682 789 1724 retraxerunt
809 1681 856 1723 et
878 1676 1008 1724 fluxu
1027 1676 1169 1724 maris
1185 1682 1296 1724 tunc
1316 1678 1547 1735 veniente,
1576 1678 1622 1724 in

218 1769 360 1800 naves
388 1769 495 1800 suas
526 1752 818 1800 intraverunt
841 1769 894 1799 ac
919 1752 1131 1799 celeriter
1156 1753 1246 1800 alta
1277 1753 1419 1801 maris
1447 1770 1622 1818 equora

218 1829 531 1877 sulcaverunt.

281 1905 454 1953 Deinde
494 1906 703 1968 prefatus
745 1905 841 1953 dux
884 1905 1151 1969 Burgundie
1190 1906 1353 1954 ascivit
1395 1907 1482 1954 sibi
1531 1924 1621 1954 non

217 1982 448 2030 modicam
466 1981 681 2029 miliciam
702 1988 862 2029 contra
878 1982 1121 2046 Anglicos3
1143 1989 1190 2029 et
1208 1999 1293 2047 per
1307 1983 1549 2031 dominum
1564 1984 1621 2031 de

218 2061 338 2123 Croy
381 2058 488 2105 fecit
530 2058 630 2105 fieri
674 2057 798 2121 apud
843 2058 1027 2106 Arriam
1069 2075 1217 2107 unum
1258 2059 1530 2108 mandatum
1576 2067 1621 2108 et

217 2136 361 2184 eciam
388 2135 513 2192 alibi,
540 2152 626 2198 per
652 2135 882 2198 quosdam
905 2135 1020 2183 alios
1045 2153 1155 2184 suos
1182 2136 1367 2195 milites,
1397 2143 1443 2185 et
1465 2137 1551 2185 sibi
1575 2138 1621 2185 in

217 2213 478 2260 Flandriam
504 2212 692 2259 attraxit
712 2212 964 2259 maximam
991 2213 1172 2277 copiam
1198 2214 1440 2262 hominum
1466 2231 1622 2262 armo-

266 2356 297 2391 1.
321 2356 373 2391 Le
395 2354 599 2401 Religieux
629 2353 674 2390 de
702 2354 969 2402 Saint-Denys
992 2357 1030 2401 (t.
1054 2355 1126 2401 III,
1152 2368 1186 2402 p.
1215 2356 1294 2401 ⁶262)
1319 2356 1519 2393 n'accorde
1547 2368 1620 2404 que

219 2414 308 2461 cinq
328 2425 376 2450 ou
397 2413 455 2449 six
477 2414 598 2460 lignes
619 2413 642 2448 a
663 2424 705 2450 ce
727 2413 886 2450 curieux
907 2413 1074 2461 episode.

264 2473 299 2510 2.
322 2472 419 2509 C’est
439 2472 472 2507 le
495 2477 619 2508 comte
640 2471 684 2507 de
706 2472 934 2508 Pembroke.

265 2532 298 2569 3.
322 2531 373 2567 Le
387 2532 430 2568 24
447 2532 524 2567 mai
547 2532 636 2567 4405
657 2542 707 2567 on
725 2531 768 2567 lit
787 2531 883 2568 dans
904 2532 959 2568 les
973 2534 1190 2569 Itineraires
1205 2535 1246 2568 de
1267 2534 1622 2579 Philc'ppe-le-Hardi

218 2596 250 2628 et
278 2593 318 2627 de
349 2594 440 2628 Jean
475 2592 700 2633 Sans-Pam,
732 2592 819 2626 duos
851 2592 892 2626 de
922 2593 1150 2638 Bouryoyne,
1185 2604 1221 2639 p.
1258 2593 1339 2639 348,
1374 2593 1522 2639 publies
1554 2605 1622 2640 par

220 2651 271 2687 M.
294 2651 338 2687 E.
363 2650 476 2697 Petit,
501 2664 516 2684 <‹
547 2650 654 2686 Giste
676 2649 698 2686 a
718 2650 817 2686 Male
845 2652 894 2687 ou
923 2651 1092 2688 estoient
1116 2652 1308 2698 plusieurs
1336 2663 1430 2699 gens
1457 2652 1621 2689 d‘armes

222 2720 357 2756 «pour
385 2709 480 2745 aller
509 2707 651 2745 devant
683 2707 869 2745 l'Escluse
901 2719 997 2756 pour
1028 2710 1187 2747 resister
1210 2710 1231 2745 {i
1258 2711 1293 2746 la
1322 2711 1522 2757 puissance
1555 2713 1621 2748 des

221 2782 238 2802 «
260 2766 437 2816 Anglois.
462 2782 478 2801 »

361 2837 407 2868 111
1437 2836 1477 2872 17
