<?xml version="1.0" encoding="UTF-8"?>
<!DOCTYPE html PUBLIC "-//W3C//DTD XHTML 1.0 Transitional//EN"
    "http://www.w3.org/TR/xhtml1/DTD/xhtml1-transitional.dtd">
<html xmlns="http://www.w3.org/1999/xhtml" xml:lang="en" lang="en">
 <head>
  <title>
</title>
<meta http-equiv="Content-Type" content="text/html;charset=utf-8" />
  <meta name='ocr-system' content='tesseract 3.04.00' />
  <meta name='ocr-capabilities' content='ocr_page ocr_carea ocr_par ocr_line ocrx_word'/>
</head>
<body>
  <div class='ocr_page' id='page_1' title='image "./chronographiareg03mora_0335.png"; bbox 0 0 1941 3294; ppageno 0'>
   <div class='ocr_carea' id='block_1_1' title="bbox 248 262 1646 308">
    <p class='ocr_par' dir='ltr' id='par_1_1' title="bbox 248 262 1646 308">
     <span class='ocr_line' id='line_1_1' title="bbox 248 262 1646 308; baseline 0.003 -10"><span class='ocrx_word' id='word_1_1' title='bbox 248 262 350 308; x_wconf 84' lang='lat'>1405]</span> <span class='ocrx_word' id='word_1_2' title='bbox 525 265 892 298; x_wconf 78' lang='lat' dir='ltr'>CHRONOGRAPHIA</span> <span class='ocrx_word' id='word_1_3' title='bbox 919 266 1069 298; x_wconf 81' lang='lat' dir='ltr'>REGUM</span> <span class='ocrx_word' id='word_1_4' title='bbox 1094 266 1372 298; x_wconf 86' lang='lat' dir='ltr'><strong>FRANGORUM.</strong></span> <span class='ocrx_word' id='word_1_5' title='bbox 1579 267 1646 302; x_wconf 72' lang='lat'>273</span> 
     </span>
    </p>
   </div>
   <div class='ocr_carea' id='block_1_2' title="bbox 221 341 1645 2243">
    <p class='ocr_par' dir='ltr' id='par_1_2' title="bbox 243 341 1645 619">
     <span class='ocr_line' id='line_1_2' title="bbox 245 341 1645 408; baseline 0.002 -19"><span class='ocrx_word' id='word_1_6' title='bbox 245 348 296 389; x_wconf 90' lang='lat' dir='ltr'>ut</span> <span class='ocrx_word' id='word_1_7' title='bbox 317 342 580 405; x_wconf 85' lang='lat' dir='ltr'>pacificaret</span> <span class='ocrx_word' id='word_1_8' title='bbox 597 357 704 389; x_wconf 90' lang='lat' dir='ltr'>cum</span> <span class='ocrx_word' id='word_1_9' title='bbox 725 341 840 389; x_wconf 82' lang='lat' dir='ltr'>duce</span> <span class='ocrx_word' id='word_1_10' title='bbox 859 341 1124 407; x_wconf 77' lang='lat' dir='ltr'>Burgundio</span> <span class='ocrx_word' id='word_1_11' title='bbox 1148 358 1202 389; x_wconf 88' lang='lat' dir='ltr'>eo</span> <span class='ocrx_word' id='word_1_12' title='bbox 1224 343 1350 405; x_wconf 89' lang='lat' dir='ltr'>quod</span> <span class='ocrx_word' id='word_1_13' title='bbox 1371 360 1457 391; x_wconf 90' lang='lat' dir='ltr'>nec</span> <span class='ocrx_word' id='word_1_14' title='bbox 1476 361 1645 408; x_wconf 86' lang='lat' dir='ltr'>guerra</span> 
     </span>
     <span class='ocr_line' id='line_1_3' title="bbox 246 418 1645 485; baseline 0.003 -20"><span class='ocrx_word' id='word_1_15' title='bbox 246 435 331 465; x_wconf 93' lang='lat' dir='ltr'>nec</span> <span class='ocrx_word' id='word_1_16' title='bbox 370 419 460 466; x_wconf 90' lang='lat' dir='ltr'>ulle</span> <span class='ocrx_word' id='word_1_17' title='bbox 497 418 760 466; x_wconf 89' lang='lat' dir='ltr'>diffidencie</span> <span class='ocrx_word' id='word_1_18' title='bbox 801 426 933 466; x_wconf 88' lang='lat' dir='ltr'>erant</span> <span class='ocrx_word' id='word_1_19' title='bbox 974 419 1096 467; x_wconf 88' lang='lat' dir='ltr'>inter</span> <span class='ocrx_word' id='word_1_20' title='bbox 1129 434 1228 467; x_wconf 87' lang='lat' dir='ltr'>eos.</span> <span class='ocrx_word' id='word_1_21' title='bbox 1266 422 1322 467; x_wconf 87' lang='lat' dir='ltr'>Et</span> <span class='ocrx_word' id='word_1_22' title='bbox 1366 420 1431 468; x_wconf 90' lang='lat' dir='ltr'>sic</span> <span class='ocrx_word' id='word_1_23' title='bbox 1476 423 1645 485; x_wconf 88' lang='lat' dir='ltr'>prefati</span> 
     </span>
     <span class='ocr_line' id='line_1_4' title="bbox 244 495 1644 560; baseline 0.004 -19"><span class='ocrx_word' id='word_1_24' title='bbox 244 495 585 543; x_wconf 86' lang='lat' dir='ltr'>embaxiatores</span> <span class='ocrx_word' id='word_1_25' title='bbox 610 495 931 544; x_wconf 89' lang='lat' dir='ltr'>Universitatis</span> <span class='ocrx_word' id='word_1_26' title='bbox 953 495 1040 543; x_wconf 91' lang='lat' dir='ltr'>hiis</span> <span class='ocrx_word' id='word_1_27' title='bbox 1063 496 1447 560; x_wconf 86' lang='lat' dir='ltr'>responsionibus</span> <span class='ocrx_word' id='word_1_28' title='bbox 1464 499 1644 547; x_wconf 85' lang='lat' dir='ltr'>confusi</span> 
     </span>
     <span class='ocr_line' id='line_1_5' title="bbox 243 572 826 619; baseline 0 -1"><span class='ocrx_word' id='word_1_29' title='bbox 243 572 445 619; x_wconf 91' lang='lat' dir='ltr'>Parisius</span> <span class='ocrx_word' id='word_1_30' title='bbox 470 578 579 619; x_wconf 85' lang='lat' dir='ltr'>sunt</span> <span class='ocrx_word' id='word_1_31' title='bbox 603 572 826 619; x_wconf 80' lang='lat' dir='ltr'>reversi1.</span> 
     </span>
    </p>

    <p class='ocr_par' dir='ltr' id='par_1_3' title="bbox 223 646 1644 2012">
     <span class='ocr_line' id='line_1_6' title="bbox 305 646 1644 713; baseline 0.003 -19"><span class='ocrx_word' id='word_1_32' title='bbox 305 647 482 695; x_wconf 83' lang='lat' dir='ltr'>Deinde</span> <span class='ocrx_word' id='word_1_33' title='bbox 507 647 700 694; x_wconf 86' lang='lat' dir='ltr'>sabbato</span> <span class='ocrx_word' id='word_1_34' title='bbox 723 647 788 711; x_wconf 74' lang='lat' dir='ltr'>xj³</span> <span class='ocrx_word' id='word_1_35' title='bbox 812 647 886 695; x_wconf 91' lang='lat' dir='ltr'>die</span> <span class='ocrx_word' id='word_1_36' title='bbox 911 646 1145 695; x_wconf 81' lang='lat' dir='ltr'>octobris2</span> <span class='ocrx_word' id='word_1_37' title='bbox 1172 647 1279 695; x_wconf 91' lang='lat' dir='ltr'>duci</span> <span class='ocrx_word' id='word_1_38' title='bbox 1303 650 1570 713; x_wconf 84' lang='lat' dir='ltr'>Burgundie</span> <span class='ocrx_word' id='word_1_39' title='bbox 1596 651 1644 698; x_wconf 92' lang='lat' dir='ltr'>in</span> 
     </span>
     <span class='ocr_line' id='line_1_7' title="bbox 241 723 1643 787; baseline 0.003 -16"><span class='ocrx_word' id='word_1_40' title='bbox 241 740 326 771; x_wconf 91' lang='lat' dir='ltr'>suo</span> <span class='ocrx_word' id='word_1_41' title='bbox 361 723 569 787; x_wconf 91' lang='lat' dir='ltr'>hospicio</span> <span class='ocrx_word' id='word_1_42' title='bbox 600 724 800 772; x_wconf 87' lang='lat' dir='ltr'>Arthesii</span> <span class='ocrx_word' id='word_1_43' title='bbox 829 723 1045 772; x_wconf 80' lang='lat' dir='ltr'>existenti</span> <span class='ocrx_word' id='word_1_44' title='bbox 1074 723 1250 772; x_wconf 89' lang='lat' dir='ltr'>dictum</span> <span class='ocrx_word' id='word_1_45' title='bbox 1281 731 1366 782; x_wconf 88' lang='lat' dir='ltr'>est,</span> <span class='ocrx_word' id='word_1_46' title='bbox 1402 732 1449 773; x_wconf 85' lang='lat' dir='ltr'>et</span> <span class='ocrx_word' id='word_1_47' title='bbox 1477 743 1643 775; x_wconf 84' lang='lat' dir='ltr'>verum</span> 
     </span>
     <span class='ocr_line' id='line_1_8' title="bbox 239 800 1642 865; baseline 0.002 -18"><span class='ocrx_word' id='word_1_48' title='bbox 239 805 354 858; x_wconf 83' lang='lat' dir='ltr'>erat,</span> <span class='ocrx_word' id='word_1_49' title='bbox 385 800 511 863; x_wconf 89' lang='lat' dir='ltr'>quod</span> <span class='ocrx_word' id='word_1_50' title='bbox 539 800 700 865; x_wconf 84' lang='lat' dir='ltr'>regina</span> <span class='ocrx_word' id='word_1_51' title='bbox 733 807 779 848; x_wconf 91' lang='lat' dir='ltr'>et</span> <span class='ocrx_word' id='word_1_52' title='bbox 809 801 905 848; x_wconf 86' lang='lat' dir='ltr'>dux</span> <span class='ocrx_word' id='word_1_53' title='bbox 928 801 1268 849; x_wconf 78' lang='lat' dir='ltr'>Aurelianensis</span> <span class='ocrx_word' id='word_1_54' title='bbox 1302 803 1642 865; x_wconf 87' lang='lat' dir='ltr'>sepenominati</span> 
     </span>
     <span class='ocr_line' id='line_1_9' title="bbox 238 876 1642 927; baseline 0.003 -4"><span class='ocrx_word' id='word_1_55' title='bbox 238 892 345 923; x_wconf 90' lang='lat' dir='ltr'>cum</span> <span class='ocrx_word' id='word_1_56' title='bbox 376 876 592 924; x_wconf 89' lang='lat' dir='ltr'>omnibus</span> <span class='ocrx_word' id='word_1_57' title='bbox 626 877 720 925; x_wconf 91' lang='lat' dir='ltr'>suis</span> <span class='ocrx_word' id='word_1_58' title='bbox 752 877 1015 925; x_wconf 90' lang='lat' dir='ltr'>hominibus</span> <span class='ocrx_word' id='word_1_59' title='bbox 1046 894 1286 926; x_wconf 84' lang='lat' dir='ltr'>armorum</span> <span class='ocrx_word' id='word_1_60' title='bbox 1310 878 1368 925; x_wconf 88' lang='lat' dir='ltr'>de</span> <span class='ocrx_word' id='word_1_61' title='bbox 1400 879 1642 927; x_wconf 86' lang='lat' dir='ltr'>Meleduno</span> 
     </span>
     <span class='ocr_line' id='line_1_10' title="bbox 237 955 1635 1005; baseline 0.002 -3"><span class='ocrx_word' id='word_1_62' title='bbox 237 962 526 1002; x_wconf 82' lang='lat' dir='ltr'>recesserant</span> <span class='ocrx_word' id='word_1_63' title='bbox 551 961 597 1002; x_wconf 88' lang='lat' dir='ltr'>et</span> <span class='ocrx_word' id='word_1_64' title='bbox 621 955 869 1003; x_wconf 85' lang='lat' dir='ltr'>veniebant</span> <span class='ocrx_word' id='word_1_65' title='bbox 895 955 1024 1003; x_wconf 91' lang='lat' dir='ltr'>ocius</span> <span class='ocrx_word' id='word_1_66' title='bbox 1049 962 1178 1003; x_wconf 88' lang='lat' dir='ltr'>recto</span> <span class='ocrx_word' id='word_1_67' title='bbox 1204 956 1390 1004; x_wconf 86' lang='lat' dir='ltr'>tramite</span> <span class='ocrx_word' id='word_1_68' title='bbox 1416 957 1635 1005; x_wconf 88' lang='lat' dir='ltr'>Parisius.</span> 
     </span>
     <span class='ocr_line' id='line_1_11' title="bbox 237 1031 1640 1097; baseline 0.001 -19"><span class='ocrx_word' id='word_1_69' title='bbox 237 1035 361 1078; x_wconf 91' lang='lat' dir='ltr'>Tunc</span> <span class='ocrx_word' id='word_1_70' title='bbox 389 1031 513 1079; x_wconf 91' lang='lat' dir='ltr'>idem</span> <span class='ocrx_word' id='word_1_71' title='bbox 551 1031 646 1079; x_wconf 84' lang='lat' dir='ltr'>dux</span> <span class='ocrx_word' id='word_1_72' title='bbox 677 1031 961 1096; x_wconf 84' lang='lat' dir='ltr'>Burgundie,</span> <span class='ocrx_word' id='word_1_73' title='bbox 998 1032 1118 1079; x_wconf 88' lang='lat' dir='ltr'>circa</span> <span class='ocrx_word' id='word_1_74' title='bbox 1158 1049 1298 1080; x_wconf 84' lang='lat' dir='ltr'>unam</span> <span class='ocrx_word' id='word_1_75' title='bbox 1334 1033 1498 1081; x_wconf 90' lang='lat' dir='ltr'>horam</span> <span class='ocrx_word' id='word_1_76' title='bbox 1533 1040 1640 1097; x_wconf 88' lang='lat' dir='ltr'>post</span> 
     </span>
     <span class='ocr_line' id='line_1_12' title="bbox 225 1108 1640 1172; baseline 0.001 -17"><span class='ocrx_word' id='word_1_77' title='bbox 225 1108 504 1170; x_wconf 82' lang='lat' dir='ltr'>prandium,</span> <span class='ocrx_word' id='word_1_78' title='bbox 525 1125 630 1156; x_wconf 90' lang='lat' dir='ltr'>cum</span> <span class='ocrx_word' id='word_1_79' title='bbox 649 1108 705 1156; x_wconf 88' lang='lat' dir='ltr'>de</span> <span class='ocrx_word' id='word_1_80' title='bbox 725 1109 813 1156; x_wconf 90' lang='lat' dir='ltr'>hoc</span> <span class='ocrx_word' id='word_1_81' title='bbox 833 1115 955 1156; x_wconf 90' lang='lat' dir='ltr'>esset</span> <span class='ocrx_word' id='word_1_82' title='bbox 974 1109 1267 1166; x_wconf 80' lang='lat' dir='ltr'>certioratus,</span> <span class='ocrx_word' id='word_1_83' title='bbox 1291 1126 1462 1172; x_wconf 89' lang='lat' dir='ltr'>equum</span> <span class='ocrx_word' id='word_1_84' title='bbox 1481 1127 1640 1158; x_wconf 90' lang='lat' dir='ltr'>ascen-</span> 
     </span>
     <span class='ocr_line' id='line_1_13' title="bbox 235 1182 1639 1249; baseline 0.003 -19"><span class='ocrx_word' id='word_1_85' title='bbox 235 1183 350 1231; x_wconf 88' lang='lat' dir='ltr'>dens</span> <span class='ocrx_word' id='word_1_86' title='bbox 376 1184 488 1231; x_wconf 86' lang='lat' dir='ltr'>abiit</span> <span class='ocrx_word' id='word_1_87' title='bbox 510 1185 568 1232; x_wconf 83' lang='lat' dir='ltr'>ad</span> <span class='ocrx_word' id='word_1_88' title='bbox 595 1185 855 1247; x_wconf 87' lang='lat' dir='ltr'>hospicium</span> <span class='ocrx_word' id='word_1_89' title='bbox 877 1185 1163 1249; x_wconf 83' lang='lat' dir='ltr'>Andegavie,</span> <span class='ocrx_word' id='word_1_90' title='bbox 1188 1185 1265 1232; x_wconf 93' lang='lat' dir='ltr'>ubi</span> <span class='ocrx_word' id='word_1_91' title='bbox 1294 1182 1469 1233; x_wconf 72' lang='lat' dir='ltr'>invenit</span> <span class='ocrx_word' id='word_1_92' title='bbox 1490 1186 1639 1234; x_wconf 86' lang='lat' dir='ltr'>dictos</span> 
     </span>
     <span class='ocr_line' id='line_1_14' title="bbox 234 1260 1638 1326; baseline 0.002 -19"><span class='ocrx_word' id='word_1_93' title='bbox 234 1260 593 1318; x_wconf 87' lang='lat' dir='ltr'>embaxiatores,</span> <span class='ocrx_word' id='word_1_94' title='bbox 623 1278 782 1326; x_wconf 83' lang='lat' dir='ltr'>regern</span> <span class='ocrx_word' id='word_1_95' title='bbox 815 1262 981 1318; x_wconf 86' lang='lat' dir='ltr'>Sicilie,</span> <span class='ocrx_word' id='word_1_96' title='bbox 1011 1262 1154 1310; x_wconf 91' lang='lat' dir='ltr'>duces</span> <span class='ocrx_word' id='word_1_97' title='bbox 1178 1263 1352 1310; x_wconf 87' lang='lat' dir='ltr'>Biturie</span> <span class='ocrx_word' id='word_1_98' title='bbox 1385 1270 1431 1310; x_wconf 91' lang='lat' dir='ltr'>et</span> <span class='ocrx_word' id='word_1_99' title='bbox 1461 1264 1638 1311; x_wconf 91' lang='lat' dir='ltr'>Borbo-</span> 
     </span>
     <span class='ocr_line' id='line_1_15' title="bbox 232 1338 1637 1402; baseline 0.003 -18"><span class='ocrx_word' id='word_1_100' title='bbox 232 1338 294 1384; x_wconf 91' lang='lat' dir='ltr'>nii</span> <span class='ocrx_word' id='word_1_101' title='bbox 319 1345 365 1385; x_wconf 93' lang='lat' dir='ltr'>et</span> <span class='ocrx_word' id='word_1_102' title='bbox 385 1339 613 1401; x_wconf 87' lang='lat' dir='ltr'>quosdam</span> <span class='ocrx_word' id='word_1_103' title='bbox 640 1339 753 1386; x_wconf 88' lang='lat' dir='ltr'>alios</span> <span class='ocrx_word' id='word_1_104' title='bbox 774 1339 1010 1401; x_wconf 84' lang='lat' dir='ltr'>principes</span> <span class='ocrx_word' id='word_1_105' title='bbox 1032 1339 1109 1402; x_wconf 89' lang='lat' dir='ltr'>qui</span> <span class='ocrx_word' id='word_1_106' title='bbox 1136 1339 1425 1387; x_wconf 86' lang='lat' dir='ltr'>mirabantur</span> <span class='ocrx_word' id='word_1_107' title='bbox 1445 1341 1502 1388; x_wconf 93' lang='lat' dir='ltr'>de</span> <span class='ocrx_word' id='word_1_108' title='bbox 1520 1340 1637 1388; x_wconf 87' lang='lat' dir='ltr'>duce</span> 
     </span>
     <span class='ocr_line' id='line_1_16' title="bbox 229 1415 1637 1478; baseline 0.002 -17"><span class='ocrx_word' id='word_1_109' title='bbox 229 1415 564 1471; x_wconf 87' lang='lat' dir='ltr'>Aurelianensi,</span> <span class='ocrx_word' id='word_1_110' title='bbox 592 1416 671 1478; x_wconf 91' lang='lat' dir='ltr'>qui</span> <span class='ocrx_word' id='word_1_111' title='bbox 699 1416 764 1463; x_wconf 93' lang='lat' dir='ltr'>sic</span> <span class='ocrx_word' id='word_1_112' title='bbox 795 1422 1002 1478; x_wconf 88' lang='lat' dir='ltr'>repente,</span> <span class='ocrx_word' id='word_1_113' title='bbox 1033 1422 1192 1478; x_wconf 88' lang='lat' dir='ltr'>preter</span> <span class='ocrx_word' id='word_1_114' title='bbox 1218 1433 1381 1464; x_wconf 89' lang='lat' dir='ltr'>eorum</span> <span class='ocrx_word' id='word_1_115' title='bbox 1412 1417 1637 1464; x_wconf 90' lang='lat' dir='ltr'>intencio—</span> 
     </span>
     <span class='ocr_line' id='line_1_17' title="bbox 229 1490 1633 1554; baseline 0.002 -16"><span class='ocrx_word' id='word_1_116' title='bbox 229 1507 335 1538; x_wconf 89' lang='lat' dir='ltr'>nem</span> <span class='ocrx_word' id='word_1_117' title='bbox 354 1498 399 1538; x_wconf 87' lang='lat' dir='ltr'>et</span> <span class='ocrx_word' id='word_1_118' title='bbox 415 1491 609 1539; x_wconf 91' lang='lat' dir='ltr'>modum</span> <span class='ocrx_word' id='word_1_119' title='bbox 622 1507 764 1554; x_wconf 89' lang='lat' dir='ltr'>quem</span> <span class='ocrx_word' id='word_1_120' title='bbox 783 1490 1060 1547; x_wconf 83' lang='lat' dir='ltr'>tractabant,</span> <span class='ocrx_word' id='word_1_121' title='bbox 1078 1492 1279 1540; x_wconf 89' lang='lat' dir='ltr'>Parisius</span> <span class='ocrx_word' id='word_1_122' title='bbox 1292 1493 1508 1540; x_wconf 81' lang='lat' dir='ltr'>veniebat</span> <span class='ocrx_word' id='word_1_123' title='bbox 1529 1510 1633 1541; x_wconf 91' lang='lat' dir='ltr'>cum</span> 
     </span>
     <span class='ocr_line' id='line_1_18' title="bbox 229 1567 1634 1632; baseline 0.002 -18"><span class='ocrx_word' id='word_1_124' title='bbox 229 1583 310 1614; x_wconf 90' lang='lat' dir='ltr'>sua</span> <span class='ocrx_word' id='word_1_125' title='bbox 343 1574 599 1630; x_wconf 73' lang='lat' dir='ltr'>potestate3</span> <span class='ocrx_word' id='word_1_126' title='bbox 635 1574 682 1614; x_wconf 91' lang='lat' dir='ltr'>et</span> <span class='ocrx_word' id='word_1_127' title='bbox 715 1573 847 1614; x_wconf 86' lang='lat' dir='ltr'>erant</span> <span class='ocrx_word' id='word_1_128' title='bbox 878 1583 985 1614; x_wconf 89' lang='lat' dir='ltr'>cum</span> <span class='ocrx_word' id='word_1_129' title='bbox 1020 1567 1187 1615; x_wconf 90' lang='lat' dir='ltr'>eodem</span> <span class='ocrx_word' id='word_1_130' title='bbox 1213 1569 1330 1616; x_wconf 93' lang='lat' dir='ltr'>duce</span> <span class='ocrx_word' id='word_1_131' title='bbox 1368 1569 1634 1632; x_wconf 80' lang='lat' dir='ltr'>Burgundie</span> 
     </span>
     <span class='ocr_line' id='line_1_19' title="bbox 228 1643 1632 1694; baseline 0.003 -4"><span class='ocrx_word' id='word_1_132' title='bbox 228 1643 412 1691; x_wconf 86' lang='lat' dir='ltr'>circiter</span> <span class='ocrx_word' id='word_1_133' title='bbox 442 1644 528 1690; x_wconf 85' lang='lat' dir='ltr'>tria</span> <span class='ocrx_word' id='word_1_134' title='bbox 566 1643 688 1691; x_wconf 90' lang='lat' dir='ltr'>milia</span> <span class='ocrx_word' id='word_1_135' title='bbox 726 1643 1078 1690; x_wconf 87' lang='lat' dir='ltr'>bachinetorum</span> <span class='ocrx_word' id='word_1_136' title='bbox 1120 1644 1360 1692; x_wconf 89' lang='lat' dir='ltr'>hominum</span> <span class='ocrx_word' id='word_1_137' title='bbox 1392 1662 1632 1694; x_wconf 88' lang='lat' dir='ltr'>armorum</span> 
     </span>
     <span class='ocr_line' id='line_1_20' title="bbox 227 1719 1632 1783; baseline 0.002 -17"><span class='ocrx_word' id='word_1_138' title='bbox 227 1719 306 1782; x_wconf 91' lang='lat' dir='ltr'>qui</span> <span class='ocrx_word' id='word_1_139' title='bbox 333 1726 493 1767; x_wconf 87' lang='lat' dir='ltr'>contra</span> <span class='ocrx_word' id='word_1_140' title='bbox 519 1720 620 1767; x_wconf 85' lang='lat' dir='ltr'>illos</span> <span class='ocrx_word' id='word_1_141' title='bbox 647 1719 706 1767; x_wconf 91' lang='lat' dir='ltr'>de</span> <span class='ocrx_word' id='word_1_142' title='bbox 732 1727 863 1783; x_wconf 84' lang='lat' dir='ltr'>parte</span> <span class='ocrx_word' id='word_1_143' title='bbox 884 1719 1013 1767; x_wconf 88' lang='lat' dir='ltr'>ducis</span> <span class='ocrx_word' id='word_1_144' title='bbox 1033 1721 1374 1769; x_wconf 86' lang='lat' dir='ltr'>Aurelianensis</span> <span class='ocrx_word' id='word_1_145' title='bbox 1400 1722 1632 1770; x_wconf 86' lang='lat' dir='ltr'>habebant</span> 
     </span>
     <span class='ocr_line' id='line_1_21' title="bbox 225 1795 1630 1859; baseline 0.004 -17"><span class='ocrx_word' id='word_1_146' title='bbox 225 1795 452 1858; x_wconf 86' lang='lat' dir='ltr'>scriptum</span> <span class='ocrx_word' id='word_1_147' title='bbox 488 1796 533 1842; x_wconf 92' lang='lat' dir='ltr'>in</span> <span class='ocrx_word' id='word_1_148' title='bbox 570 1797 853 1859; x_wconf 89' lang='lat' dir='ltr'>penuncellis</span> <span class='ocrx_word' id='word_1_149' title='bbox 890 1797 1154 1844; x_wconf 87' lang='lat' dir='ltr'>lancearum</span> <span class='ocrx_word' id='word_1_150' title='bbox 1194 1814 1383 1846; x_wconf 89' lang='lat' dir='ltr'>suarum</span> <span class='ocrx_word' id='word_1_151' title='bbox 1410 1799 1455 1845; x_wconf 87' lang='lat' dir='ltr'>in</span> <span class='ocrx_word' id='word_1_152' title='bbox 1482 1800 1630 1847; x_wconf 90' lang='lat' dir='ltr'>Theu-</span> 
     </span>
     <span class='ocr_line' id='line_1_22' title="bbox 223 1872 1622 1935; baseline 0.003 -17"><span class='ocrx_word' id='word_1_153' title='bbox 223 1872 380 1919; x_wconf 85' lang='lat' dir='ltr'>tonico</span> <span class='ocrx_word' id='word_1_154' title='bbox 418 1891 426 1918; x_wconf 89' lang='lat'>:</span> <span class='ocrx_word' id='word_1_155' title='bbox 467 1891 487 1916; x_wconf 83' lang='lat'>&lt;1</span> <span class='ocrx_word' id='word_1_156' title='bbox 528 1872 609 1920; x_wconf 77' lang='lat' dir='ltr'>Hic</span> <span class='ocrx_word' id='word_1_157' title='bbox 644 1872 721 1920; x_wconf 81' lang='lat' dir='ltr'>hat</span> <span class='ocrx_word' id='word_1_158' title='bbox 752 1874 884 1929; x_wconf 42' lang='lat' dir='ltr'>mic&amp;</span> <span class='ocrx_word' id='word_1_159' title='bbox 930 1892 949 1916; x_wconf 68' lang='lat' dir='ltr'>i&gt;</span> <span class='ocrx_word' id='word_1_160' title='bbox 988 1873 1114 1935; x_wconf 91' lang='lat' dir='ltr'>quod</span> <span class='ocrx_word' id='word_1_161' title='bbox 1156 1882 1291 1921; x_wconf 81' lang='lat' dir='ltr'>sonat</span> <span class='ocrx_word' id='word_1_162' title='bbox 1324 1875 1368 1921; x_wconf 92' lang='lat' dir='ltr'>in</span> <span class='ocrx_word' id='word_1_163' title='bbox 1403 1875 1572 1922; x_wconf 83' lang='lat' dir='ltr'>Gallico</span> <span class='ocrx_word' id='word_1_164' title='bbox 1614 1894 1622 1922; x_wconf 75' lang='grc' dir='ltr'><em>τ</em></span> 
     </span>
     <span class='ocr_line' id='line_1_23' title="bbox 227 1949 619 2012; baseline 0.003 -19"><span class='ocrx_word' id='word_1_165' title='bbox 227 1968 247 1993; x_wconf 76' lang='lat'>&lt;1</span> <span class='ocrx_word' id='word_1_166' title='bbox 278 1949 330 1996; x_wconf 80' lang='lat' dir='ltr'>Je</span> <span class='ocrx_word' id='word_1_167' title='bbox 358 1950 397 1996; x_wconf 82' lang='lat' dir='ltr'>le</span> <span class='ocrx_word' id='word_1_168' title='bbox 425 1952 563 2012; x_wconf 68' lang='lat' dir='ltr'>tieny.</span> <span class='ocrx_word' id='word_1_169' title='bbox 600 1969 619 1994; x_wconf 71' lang='lat'>1&gt;</span> 
     </span>
    </p>

    <p class='ocr_par' dir='ltr' id='par_1_4' title="bbox 221 2026 1629 2243">
     <span class='ocr_line' id='line_1_24' title="bbox 286 2026 1629 2090; baseline 0.002 -18"><span class='ocrx_word' id='word_1_170' title='bbox 286 2026 641 2090; x_wconf 84' lang='lat' dir='ltr'>Burgundiones</span> <span class='ocrx_word' id='word_1_171' title='bbox 651 2042 766 2073; x_wconf 84' lang='lat' dir='ltr'>vero</span> <span class='ocrx_word' id='word_1_172' title='bbox 781 2026 906 2073; x_wconf 87' lang='lat' dir='ltr'>etalii</span> <span class='ocrx_word' id='word_1_173' title='bbox 922 2032 1054 2073; x_wconf 88' lang='lat' dir='ltr'>extra</span> <span class='ocrx_word' id='word_1_174' title='bbox 1071 2027 1274 2075; x_wconf 91' lang='lat' dir='ltr'>Parisius</span> <span class='ocrx_word' id='word_1_175' title='bbox 1291 2027 1424 2075; x_wconf 89' lang='lat' dir='ltr'>locati</span> <span class='ocrx_word' id='word_1_176' title='bbox 1443 2028 1629 2076; x_wconf 89' lang='lat' dir='ltr'>stabant</span> 
     </span>
     <span class='ocr_line' id='line_1_25' title="bbox 222 2102 1626 2166; baseline 0.002 -17"><span class='ocrx_word' id='word_1_177' title='bbox 222 2102 295 2149; x_wconf 86' lang='lat' dir='ltr'>illa</span> <span class='ocrx_word' id='word_1_178' title='bbox 323 2103 436 2149; x_wconf 84' lang='lat' dir='ltr'>hora</span> <span class='ocrx_word' id='word_1_179' title='bbox 465 2119 605 2166; x_wconf 85' lang='lat' dir='ltr'>supra</span> <span class='ocrx_word' id='word_1_180' title='bbox 628 2106 829 2151; x_wconf 90' lang='lat' dir='ltr'>Montem</span> <span class='ocrx_word' id='word_1_181' title='bbox 853 2103 1060 2151; x_wconf 89' lang='lat' dir='ltr'>Falconis</span> <span class='ocrx_word' id='word_1_182' title='bbox 1085 2120 1248 2151; x_wconf 86' lang='lat' dir='ltr'>omnes</span> <span class='ocrx_word' id='word_1_183' title='bbox 1276 2111 1438 2152; x_wconf 87' lang='lat' dir='ltr'>contra</span> <span class='ocrx_word' id='word_1_184' title='bbox 1459 2105 1626 2154; x_wconf 90' lang='lat' dir='ltr'>ducem</span> 
     </span>
     <span class='ocr_line' id='line_1_26' title="bbox 221 2179 1625 2243; baseline 0.004 -18"><span class='ocrx_word' id='word_1_185' title='bbox 221 2179 600 2226; x_wconf 85' lang='lat' dir='ltr'>Aurelianensem</span> <span class='ocrx_word' id='word_1_186' title='bbox 626 2179 683 2227; x_wconf 89' lang='lat' dir='ltr'>ad</span> <span class='ocrx_word' id='word_1_187' title='bbox 709 2180 906 2243; x_wconf 86' lang='lat' dir='ltr'>prelium</span> <span class='ocrx_word' id='word_1_188' title='bbox 928 2181 1096 2243; x_wconf 88' lang='lat' dir='ltr'>parati.</span> <span class='ocrx_word' id='word_1_189' title='bbox 1122 2185 1188 2229; x_wconf 91' lang='lat' dir='ltr'>Eo</span> <span class='ocrx_word' id='word_1_190' title='bbox 1209 2188 1318 2228; x_wconf 88' lang='lat' dir='ltr'>tunc</span> <span class='ocrx_word' id='word_1_191' title='bbox 1343 2189 1437 2229; x_wconf 86' lang='lat' dir='ltr'>tota</span> <span class='ocrx_word' id='word_1_192' title='bbox 1464 2182 1625 2231; x_wconf 88' lang='lat' dir='ltr'>civitas</span> 
     </span>
    </p>
   </div>
   <div class='ocr_carea' id='block_1_3' title="bbox 219 2320 1622 2543">
    <p class='ocr_par' dir='ltr' id='par_1_5' title="bbox 219 2320 1622 2474">
     <span class='ocr_line' id='line_1_27' title="bbox 271 2320 1621 2371; baseline 0.003 -15"><span class='ocrx_word' id='word_1_193' title='bbox 271 2322 304 2357; x_wconf 88' lang='lat'>1.</span> <span class='ocrx_word' id='word_1_194' title='bbox 327 2320 379 2356; x_wconf 80' lang='lat' dir='ltr'>La</span> <span class='ocrx_word' id='word_1_195' title='bbox 409 2322 616 2367; x_wconf 80' lang='lat' dir='ltr'>Chronique</span> <span class='ocrx_word' id='word_1_196' title='bbox 654 2323 704 2356; x_wconf 76' lang='lat' dir='ltr'>du</span> <span class='ocrx_word' id='word_1_197' title='bbox 734 2324 920 2367; x_wconf 68' lang='lat' dir='ltr'>Reliyieua:</span> <span class='ocrx_word' id='word_1_198' title='bbox 957 2324 998 2358; x_wconf 83' lang='lat' dir='ltr'>de</span> <span class='ocrx_word' id='word_1_199' title='bbox 1037 2324 1273 2359; x_wconf 58' lang='lat' dir='ltr'>Same—Dente</span> <span class='ocrx_word' id='word_1_200' title='bbox 1303 2328 1342 2364; x_wconf 80' lang='lat' dir='ltr'>(t.</span> <span class='ocrx_word' id='word_1_201' title='bbox 1374 2324 1444 2368; x_wconf 82' lang='lat'>111,</span> <span class='ocrx_word' id='word_1_202' title='bbox 1475 2335 1510 2371; x_wconf 91' lang='lat' dir='ltr'>p.</span> <span class='ocrx_word' id='word_1_203' title='bbox 1543 2325 1621 2370; x_wconf 70' lang='lat'>312)</span> 
     </span>
     <span class='ocr_line' id='line_1_28' title="bbox 220 2379 1622 2428; baseline 0.004 -14"><span class='ocrx_word' id='word_1_204' title='bbox 220 2385 375 2415; x_wconf 83' lang='lat' dir='ltr'>raconte</span> <span class='ocrx_word' id='word_1_205' title='bbox 394 2379 490 2414; x_wconf 85' lang='lat' dir='ltr'>dans</span> <span class='ocrx_word' id='word_1_206' title='bbox 511 2379 577 2414; x_wconf 86' lang='lat' dir='ltr'>des</span> <span class='ocrx_word' id='word_1_207' title='bbox 598 2386 740 2415; x_wconf 87' lang='lat' dir='ltr'>termes</span> <span class='ocrx_word' id='word_1_208' title='bbox 762 2381 971 2428; x_wconf 81' lang='lat' dir='ltr'>analogues</span> <span class='ocrx_word' id='word_1_209' title='bbox 992 2382 1026 2417; x_wconf 92' lang='lat' dir='ltr'>le</span> <span class='ocrx_word' id='word_1_210' title='bbox 1047 2382 1206 2418; x_wconf 77' lang='lat' dir='ltr'>resultat</span> <span class='ocrx_word' id='word_1_211' title='bbox 1232 2381 1277 2417; x_wconf 88' lang='lat' dir='ltr'>de</span> <span class='ocrx_word' id='word_1_212' title='bbox 1306 2382 1622 2419; x_wconf 82' lang='lat' dir='ltr'>l&#39;outrecuidante</span> 
     </span>
     <span class='ocr_line' id='line_1_29' title="bbox 219 2437 777 2474; baseline 0.002 -2"><span class='ocrx_word' id='word_1_213' title='bbox 219 2437 426 2474; x_wconf 74' lang='lat' dir='ltr'>demarcho</span> <span class='ocrx_word' id='word_1_214' title='bbox 446 2437 491 2474; x_wconf 91' lang='lat' dir='ltr'>de</span> <span class='ocrx_word' id='word_1_215' title='bbox 513 2437 777 2474; x_wconf 73' lang='lat' dir='ltr'>l&#39;Universite.</span> 
     </span>
    </p>

    <p class='ocr_par' dir='ltr' id='par_1_6' title="bbox 264 2496 1618 2543">
     <span class='ocr_line' id='line_1_30' title="bbox 264 2496 1618 2543; baseline 0.001 -10"><span class='ocrx_word' id='word_1_216' title='bbox 264 2497 298 2533; x_wconf 67' lang='lat'>2.</span> <span class='ocrx_word' id='word_1_217' title='bbox 324 2497 375 2533; x_wconf 90' lang='lat' dir='ltr'>Le</span> <span class='ocrx_word' id='word_1_218' title='bbox 398 2498 436 2532; x_wconf 87' lang='lat'>11</span> <span class='ocrx_word' id='word_1_219' title='bbox 462 2496 617 2533; x_wconf 85' lang='lat' dir='ltr'>octobre</span> <span class='ocrx_word' id='word_1_220' title='bbox 641 2497 730 2533; x_wconf 75' lang='lat'>1405</span> <span class='ocrx_word' id='word_1_221' title='bbox 752 2497 911 2534; x_wconf 80' lang='lat' dir='ltr'>tombait</span> <span class='ocrx_word' id='word_1_222' title='bbox 934 2509 986 2534; x_wconf 90' lang='lat' dir='ltr'>un</span> <span class='ocrx_word' id='word_1_223' title='bbox 1007 2498 1232 2543; x_wconf 84' lang='lat' dir='ltr'>dimanche;</span> <span class='ocrx_word' id='word_1_224' title='bbox 1255 2499 1281 2535; x_wconf 88' lang='lat' dir='ltr'>il</span> <span class='ocrx_word' id='word_1_225' title='bbox 1303 2498 1383 2535; x_wconf 83' lang='lat' dir='ltr'>saut</span> <span class='ocrx_word' id='word_1_226' title='bbox 1403 2499 1501 2536; x_wconf 89' lang='lat' dir='ltr'>donc</span> <span class='ocrx_word' id='word_1_227' title='bbox 1524 2500 1590 2536; x_wconf 83' lang='lat' dir='ltr'>lire</span> <span class='ocrx_word' id='word_1_228' title='bbox 1613 2513 1618 2534; x_wconf 89' lang='grc'>;</span> 
     </span>
    </p>
   </div>
   <div class='ocr_carea' id='block_1_4' title="bbox 218 2555 1616 2654">
    <p class='ocr_par' dir='ltr' id='par_1_7' title="bbox 218 2555 1616 2654">
     <span class='ocr_line' id='line_1_31' title="bbox 218 2555 674 2592; baseline -0.002 -1"><span class='ocrx_word' id='word_1_229' title='bbox 218 2555 252 2591; x_wconf 90' lang='lat' dir='ltr'>le</span> <span class='ocrx_word' id='word_1_230' title='bbox 274 2555 419 2591; x_wconf 81' lang='lat' dir='ltr'>samedi</span> <span class='ocrx_word' id='word_1_231' title='bbox 442 2556 484 2591; x_wconf 82' lang='lat'>10</span> <span class='ocrx_word' id='word_1_232' title='bbox 507 2555 674 2592; x_wconf 83' lang='lat' dir='ltr'>octobre.</span> 
     </span>
     <span class='ocr_line' id='line_1_32' title="bbox 264 2613 1616 2654; baseline 0.001 -3"><span class='ocrx_word' id='word_1_233' title='bbox 264 2614 297 2651; x_wconf 90' lang='lat'>3.</span> <span class='ocrx_word' id='word_1_234' title='bbox 321 2614 422 2651; x_wconf 85' lang='lat' dir='ltr'>Sans</span> <span class='ocrx_word' id='word_1_235' title='bbox 450 2614 565 2650; x_wconf 85' lang='lat' dir='ltr'>doute</span> <span class='ocrx_word' id='word_1_236' title='bbox 596 2628 602 2648; x_wconf 79' lang='lat' dir='ltr'>z</span> <span class='ocrx_word' id='word_1_237' title='bbox 636 2628 651 2647; x_wconf 88' lang='lat'>«</span> <span class='ocrx_word' id='word_1_238' title='bbox 682 2613 749 2651; x_wconf 90' lang='lat' dir='ltr'>Ich</span> <span class='ocrx_word' id='word_1_239' title='bbox 779 2615 882 2652; x_wconf 75' lang='lat' dir='ltr'>hatte</span> <span class='ocrx_word' id='word_1_240' title='bbox 910 2616 992 2652; x_wconf 85' lang='lat' dir='ltr'>ibn.</span> <span class='ocrx_word' id='word_1_241' title='bbox 1021 2629 1034 2650; x_wconf 75' lang='grc' dir='ltr'><strong>ο</strong></span> <span class='ocrx_word' id='word_1_242' title='bbox 1059 2616 1113 2652; x_wconf 84' lang='lat' dir='ltr'>La</span> <span class='ocrx_word' id='word_1_243' title='bbox 1135 2616 1289 2653; x_wconf 85' lang='lat' dir='ltr'>version</span> <span class='ocrx_word' id='word_1_244' title='bbox 1316 2616 1360 2653; x_wconf 88' lang='lat' dir='ltr'>de</span> <span class='ocrx_word' id='word_1_245' title='bbox 1393 2617 1616 2654; x_wconf 80' lang='lat' dir='ltr'>Monstrelet</span> 
     </span>
    </p>
   </div>
   <div class='ocr_carea' id='block_1_5' title="bbox 220 2673 1619 2723">
    <p class='ocr_par' dir='ltr' id='par_1_8' title="bbox 220 2673 1619 2723">
     <span class='ocr_line' id='line_1_33' title="bbox 220 2673 1619 2723; baseline 0.003 -14"><span class='ocrx_word' id='word_1_246' title='bbox 220 2674 259 2719; x_wconf 83' lang='lat' dir='ltr'>(t.</span> <span class='ocrx_word' id='word_1_247' title='bbox 283 2673 314 2717; x_wconf 93' lang='lat' dir='ltr'>I,</span> <span class='ocrx_word' id='word_1_248' title='bbox 333 2685 369 2720; x_wconf 91' lang='lat' dir='ltr'>p.</span> <span class='ocrx_word' id='word_1_249' title='bbox 394 2673 471 2715; x_wconf 68' lang='lat'>123)</span> <span class='ocrx_word' id='word_1_250' title='bbox 488 2674 652 2720; x_wconf 81' lang='lat' dir='ltr'>estropie</span> <span class='ocrx_word' id='word_1_251' title='bbox 674 2673 756 2710; x_wconf 83' lang='lat' dir='ltr'>cela</span> <span class='ocrx_word' id='word_1_252' title='bbox 776 2685 825 2710; x_wconf 84' lang='lat' dir='ltr'>en</span> <span class='ocrx_word' id='word_1_253' title='bbox 847 2674 973 2712; x_wconf 82' lang='lat' dir='ltr'>disant</span> <span class='ocrx_word' id='word_1_254' title='bbox 994 2687 1066 2723; x_wconf 84' lang='lat' dir='ltr'>que</span> <span class='ocrx_word' id='word_1_255' title='bbox 1088 2675 1180 2712; x_wconf 84' lang='lat' dir='ltr'>c&#39;est</span> <span class='ocrx_word' id='word_1_256' title='bbox 1205 2689 1218 2709; x_wconf 73' lang='lat' dir='ltr'><strong>c</strong></span> <span class='ocrx_word' id='word_1_257' title='bbox 1243 2687 1289 2711; x_wconf 75' lang='lat' dir='ltr'>en</span> <span class='ocrx_word' id='word_1_258' title='bbox 1312 2677 1477 2722; x_wconf 78' lang='lat' dir='ltr'>ssameng</span> <span class='ocrx_word' id='word_1_259' title='bbox 1495 2690 1501 2711; x_wconf 88' lang='lat'>:</span> <span class='ocrx_word' id='word_1_260' title='bbox 1520 2677 1619 2714; x_wconf 86' lang='lat' dir='ltr'>Hich</span> 
     </span>
    </p>
   </div>
   <div class='ocr_carea' id='block_1_6' title="bbox 226 2731 1478 2831">
    <p class='ocr_par' dir='ltr' id='par_1_9' title="bbox 226 2731 1478 2831">
     <span class='ocr_line' id='line_1_34' title="bbox 226 2731 393 2768; baseline 0.006 -3"><span class='ocrx_word' id='word_1_261' title='bbox 226 2746 239 2765; x_wconf 82' lang='grc'><strong>«</strong></span> <span class='ocrx_word' id='word_1_262' title='bbox 265 2731 352 2768; x_wconf 84' lang='lat' dir='ltr'>ond.</span> <span class='ocrx_word' id='word_1_263' title='bbox 378 2747 393 2766; x_wconf 83' lang='lat'>»</span> 
     </span>
     <span class='ocr_line' id='line_1_35' title="bbox 320 2797 1478 2831; baseline 0.004 -5"><span class='ocrx_word' id='word_1_264' title='bbox 320 2823 323 2827; x_wconf 86' lang='lat'>.</span> <span class='ocrx_word' id='word_1_265' title='bbox 366 2797 409 2826; x_wconf 86' lang='lat' dir='ltr'>lll</span> <span class='ocrx_word' id='word_1_266' title='bbox 1443 2798 1478 2831; x_wconf 66' lang='grc' dir='ltr'>Ιὸ</span> 
     </span>
    </p>
   </div>
  </div>
 </body>
</html>
