1941 3294
334 283 403 320 ‘212
605 285 973 318 CHRONOGRAPHIA
999 283 1149 315 REGUM
1174 283 1451 315 FRANCORUM.

399 367 564 411 Postea
594 378 700 409 cum
730 361 962 409 civitatem
999 359 1195 406 Baldach
1227 359 1444 422 cepisset,
1480 358 1654 405 invenit
1684 360 1730 405 in

334 440 476 488 fundo
499 438 702 486 fluminis
726 437 925 485 Eufratis
953 452 1091 482 unam
1113 452 1297 492 navem,
1321 435 1397 482 ubi
1425 440 1557 482 erant
1576 435 1730 482 omnia

327 517 490 582 jocalia
525 522 568 563 et
608 515 780 562 tesauri
819 512 1027 560 omnium
1064 528 1228 575 regum
1267 515 1535 567 Persarum,
1575 511 1730 574 ibique

330 592 505 639 invenit
536 607 675 638 unam
706 590 923 636 arborem
957 588 1074 634 auri.
1104 591 1154 634 In
1180 588 1254 634 illo
1289 587 1478 650 quidem
1511 587 1729 633 thesauro

330 674 429 714 erat
443 684 562 715 unus
577 666 805 731 jardinus‚
830 664 875 709 in
898 680 991 725 quo
1013 669 1144 710 erant
1165 663 1338 726 lapides
1360 662 1558 725 preciosi
1577 662 1730 709 diver-

330 761 490 792 sorum
535 743 744 790 colorum
789 748 834 787 et
875 740 1138 796 nominum,
1179 739 1242 786 ibi
1283 739 1421 786 etiam
1447 744 1730 803 ‘margarete

330 826 461 867 erant
491 823 615 865 tante
650 815 958 880 preciositatis
991 820 1129 878 atque
1161 814 1397 872 bonitatis,
1428 815 1555 878 quod
1595 830 1731 861 nemo

329 896 445 942 vidit
459 909 663 957 unquam
684 892 900 939 meliores
918 908 1068 955 neque
1087 891 1201 938 tanti
1223 891 1382 953 precii,
1404 891 1552 938 etheo
1576 890 1732 938 omnia

326 959 449 1018 misit
475 970 533 1016 ad
561 971 827 1016 Semercam
861 967 938 1015 ubi
966 967 1104 1014 habet
1131 965 1296 1031 xviij⁰³¹¹¹
1322 967 1511 1031 palacia,
1545 968 1731 1014 thesau-

328 1063 488 1094 rorum
507 1046 661 1109 plena,
683 1045 741 1092 de
758 1043 928 1107 quibus
950 1060 1086 1090 nemo
1101 1050 1260 1106 posset
1279 1043 1560 1091 sufficienter
1583 1043 1726 1106 loqui.

390 1122 602 1186 Precepit
633 1121 771 1169 etiam
802 1121 860 1168 ad
895 1120 1120 1184 majorem
1147 1121 1340 1168 tutelam
1367 1137 1452 1184 pro
1487 1120 1732 1167 securitate

328 1205 657 1255 mercatorum,
691 1197 819 1260 quod
852 1197 889 1244 si
931 1197 1034 1260 quis
1070 1202 1302 1244 mercator
1339 1196 1618 1260 spoliaretur
1647 1211 1732 1259 per

329 1293 516 1324 omnem
542 1281 716 1322 terram
743 1291 891 1331 suam,
921 1291 1008 1336 per
1034 1274 1135 1320 illos
1161 1273 1219 1320 de
1247 1274 1395 1336 patria
1419 1273 1464 1320 in
1493 1290 1583 1336 qua
1610 1277 1732 1319 esset

325 1352 566 1417 spoliatus,
596 1350 823 1414 dupplum
860 1349 946 1397 sibi
972 1350 1266 1405 redderetur,
1298 1349 1490 1412 insuper
1514 1348 1732 1395 emenda-

328 1435 433 1477 rent
462 1434 508 1475 et
540 1428 774 1475 solverent
806 1426 959 1474 eidem
993 1430 1163 1473 Temur
1187 1429 1281 1490 Bey
1307 1425 1554 1490 quinquies
1582 1425 1730 1489 magis

327 1522 466 1568 quam
507 1505 581 1552 ille
623 1509 856 1551 mercator
890 1502 1148 1565 perdiderit
1190 1508 1236 1549 et
1273 1502 1425 1549 eidem
1463 1501 1726 1558 mercatori,

328 1581 446 1628 sicut
471 1580 648 1627 dictum
673 1584 760 1636 est,
791 1578 1019 1642 dupplum
1044 1578 1338 1625 redderetur.

392 1661 535 1704 Porro
551 1656 853 1704 Temurlanus
869 1655 979 1702 satis
992 1655 1131 1702 habet
1145 1654 1441 1701 adversarios
1460 1647 1513 1711 in,
1523 1654 1726 1709 Oriente,

327 1734 501 1781 scilicet
523 1749 745 1798 magnum
770 1732 1102 1795 imperatorem
1130 1731 1187 1778 de
1214 1734 1377 1794 Katay,
1407 1730 1486 1794 qui
1514 1730 1731 1778 Christia-

327 1828 413 1858 nus
446 1816 517 1858 est
547 1810 605 1857 de
636 1815 761 1857 secta
788 1808 995 1857 cinctorii
1021 1814 1064 1855 et
1091 1802 1266 1870 qui,'ut
1292 1807 1456 1864 fertur,
1494 1806 1540 1853 in
1565 1812 1731 1870 poten-

325 1888 394 1935 cia
425 1887 601 1951 equalis
631 1893 702 1934 est
731 1903 812 1942 θος
847 1885 1016 1932 deinde
1048 1885 1382 1948 imperatorem
1416 1883 1618 1931 Persidis
1651 1882 1730 1946 qui

324 1964 492 2012 timore
518 1963 617 2027 ejus
643 1962 790 2027 fugiit,
815 1961 913 2025 jam
936 1961 1079 2024 elapsi
1104 1966 1210 2008 sunt
1236 1961 1353 2010 xv⁰³¹¹³
1381 1959 1485 2006 anni
1515 1964 1561 2006 et
1587 1959 1730 2006 modo

325 2046 536 2088 moratur
557 2039 675 2087 ultra
695 2039 859 2087 urbem
886 2037 943 2084 de
969 2037 1168 2085 Baldach
1185 2037 1230 2083 in
1249 2035 1411 2084 Caldee
1432 2035 1659 2103 partibus,
1684 2035 1729 2082 in

325 2117 415 2163 alta
438 2122 570 2179 parte
605 2115 837 2179 ejusdem,
874 2115 985 2161 item
1022 2114 1265 2161 soldanum
1296 2113 1466 2177 Egipti.
1498 2116 1546 2159 In
1574 2116 1731 2160 Tarta-

327 2194 394 2240 rie
421 2209 534 2239 vero
562 2191 771 2256 partibus
797 2191 934 2238 habet
963 2190 1283 2237 adversarium
1315 2190 1565 2252 quemdam
1601 2205 1730 2253 mag-

328 2286 441 2317 num
472 2275 516 2316 et
542 2274 779 2332 potentem
812 2267 1051 2315 dominum
1079 2267 1264 2314 nomine
1289 2266 1414 2314 Dishi
1446 2265 1524 2328 qui
1557 2266 1729 2328 capita-

326 2344 380 2391 lis
405 2344 616 2391 inimicus
642 2343 739 2408 ejus
763 2348 850 2389 est.
870 2345 926 2389 Et
952 2342 1014 2389 hii
1040 2348 1136 2389 tres
1165 2342 1311 2389 ultimi
1338 2341 1576 2389 Sarraceni
1599 2346 1724 2388 sunt.

391 2421 550 2468 Plures
586 2420 725 2468 etiam
760 2419 934 2467 domini
973 2425 1080 2466 sunt
1116 2419 1223 2466 hinc
1261 2425 1307 2465 et
1339 2418 1470 2473 inde,
1513 2417 1591 2480 qui
1630 2417 1728 2481 ejus

326 2497 577 2545 adversarii
604 2501 712 2544 sunt
738 2502 782 2543 et
805 2495 985 2560 fugiunt
1004 2512 1128 2553 eum,
1156 2500 1455 2559 expectantes
1480 2494 1578 2558 ejus
1603 2510 1729 2541 mor-

328 2580 438 2629 tem,
469 2574 576 2636 quia
600 2573 644 2620 in
663 2573 757 2620 suis
784 2571 1040 2635 prophetiis
1063 2572 1233 2618 habent
1255 2571 1380 2635 quod
1408 2571 1508 2634 ipse
1534 2570 1728 2618 decedet

327 2656 372 2696 et
397 2651 623 2697 morietur
647 2649 693 2696 in
720 2652 868 2696 Kaera
897 2648 1067 2713 Egipti,
1099 2649 1311 2711 quamvis
1344 2647 1465 2695 idem
1492 2647 1727 2695 Temurla-

323 2742 408 2773 nus
440 2727 722 2774 contrarium
755 2725 918 2774 asserit
944 2731 989 2772 et
1015 2725 1140 2789 quod
1166 2725 1316 2772 adhuc
1349 2724 1565 2788 pluribus
1593 2724 1725 2771 annis
