1941 3294
176 261 280 308 1382]
451 260 819 295 CHRONOGRAPHIA
843 259 996 292 REGUM
1021 258 1301 290 FRANCORUM.
1529 252 1569 287 17

176 349 337 391 contra
355 342 510 390 vultus
529 355 694 388 eorum
713 338 984 386 sabulonem
1000 336 1178 383 itineris
1196 335 1350 382 taliter
1369 333 1575 381 insuffla-

176 420 272 478 bat,
303 418 428 482 quod
449 417 529 464 vix
551 421 768 479 poterant
792 415 953 462 videre
975 419 1081 461 ante
1108 429 1174 459 se.

240 499 365 543 Tunc
385 492 690 557 Neapolitani,
710 491 925 539 videntes
943 505 1106 538 eorum
1123 487 1438 543 afflictionem,
1462 484 1579 533 acri-

176 578 249 620 ter
273 571 450 636 agressi
475 575 582 618 sunt
608 585 706 626 eos,
736 585 790 616 ac
815 568 970 616 statim
994 566 1208 614 vicerunt
1232 580 1330 621 eos,
1360 561 1581 626 quoniam

178 649 350 697 nullam
375 646 617 695 resistendi
639 646 932 710 aparenciam
953 642 1280 698 ostenderunt3
1303 647 1350 688 et
1369 657 1396 686 a
1415 639 1583 686 comite

177 724 431 773 Mourronii
451 731 612 787 captus
630 729 700 770 est
725 722 942 770 dominus
968 721 1086 769 Otho
1111 735 1217 768 cum
1235 717 1446 782 pluribus
1465 715 1581 771 aliis,

180 817 233 849 ac
264 818 410 864 nepos
447 801 564 864 ejus,
588 799 853 862 marquisus
888 798 946 846 de
977 796 1325 852 Monteferrato,
1355 791 1582 842 occisus¹.

179 879 325 924 Porro
358 876 590 924 Robertus
625 876 684 924 de
715 874 947 931 Arthesio,
977 873 1142 920 videns
1178 872 1349 920 dictam
1380 869 1588 918 confuta-

180 952 373 1009 tionem,
399 951 516 1016 fugit
541 967 706 999 versus
733 953 952 998 Sanctum
975 950 1210 998 Trimeum
1232 954 1404 996 etcum
1431 945 1589 1010 paucis

181 1045 373 1077 suorum
411 1028 601 1075 intravit
640 1034 863 1075 castrum.
915 1027 1064 1075 Ceteri
1100 1042 1232 1082 vero,
1274 1023 1590 1088 ingredientes

182 1106 375 1153 domum
395 1105 775 1161 Cartusiensium,
797 1104 1010 1151 videntes
1035 1120 1085 1150 se
1111 1119 1204 1149 non
1226 1118 1364 1165 posse
1391 1099 1592 1148 evadere

183 1182 241 1230 de
283 1181 498 1229 manibus
538 1182 759 1237 hostium,
804 1180 1110 1228 reddiderunt
1153 1195 1203 1227 se
1242 1179 1355 1225 eis2.
1403 1175 1594 1225 Interim

183 1258 361 1323 regina,
383 1274 489 1306 cum
515 1257 780 1305 hominibus
808 1255 921 1313 suis,
945 1255 1175 1304 thesauris
1198 1261 1243 1301 et
1264 1253 1481 1301 omnibus
1503 1269 1594 1316 que

183 1334 383 1381 habebat
416 1334 599 1397 capitur
624 1340 671 1380 et
702 1332 760 1380 ad
785 1332 1031 1381 Castellum
1065 1331 1149 1379 Ovi
1181 1331 1366 1378 ducitur
1391 1329 1596 1376 incarce-

184 1409 373 1456 randass.
396 1409 650 1472 Capiuntur
675 1408 816 1455 etiam
842 1407 1099 1456 cardinales
1125 1407 1183 1454 de
1200 1409 1315 1453 Ytro
1334 1411 1380 1453 et
1405 1406 1464 1454 de
1486 1404 1596 1469 Gyf-

185 1486 293 1534 fone
321 1491 367 1532 et
391 1485 740 1532 incarcerantur
766 1501 852 1548 per
878 1484 1054 1532 dictum
1079 1484 1318 1531 Karolum.

250 1565 430 1619 Postea,
452 1562 582 1625 quasi
602 1578 687 1625 per
704 1561 822 1609 duos
838 1561 954 1618 dies,
976 1577 1083 1609 cum
1102 1561 1337 1609 Robertus
1355 1559 1413 1607 de
1432 1558 1599 1606 Arthe-

187 1639 256 1687 sio
287 1638 460 1686 exisset
489 1638 547 1686 de
580 1645 734 1686 castro
765 1638 842 1686 ubi
879 1645 995 1695 erat,
1025 1638 1223 1685 Karolus
1248 1636 1372 1684 misit
1399 1635 1457 1683 ad
1491 1651 1596 1683 eum

189 1715 247 1763 ad
273 1714 514 1762 sciendum
538 1714 650 1777 quid
676 1714 814 1761 vellet
834 1714 1010 1770 facere3
1039 1714 1116 1776 qui
1145 1712 1383 1760 mandavit
1409 1712 1447 1759 ei
1471 1710 1599 1775 quod

190 1807 276 1838 nec
305 1791 459 1854 ipsum
491 1806 576 1837 nec
607 1789 819 1854 reginam
850 1789 1014 1853 juvare
1041 1788 1242 1844 volebat,
1274 1788 1356 1835 sed
1395 1794 1601 1834 tantum-

191 1867 333 1915 modo
366 1883 527 1931 pacem
563 1866 876 1914 desiderabat.
909 1870 1008 1924 Quo
1041 1865 1216 1922 audito,
1246 1864 1445 1912 Karolus
1477 1864 1602 1910 misit

191 1944 233 1991 ei
256 1944 437 1992 salvum
462 1943 761 1991 conductum.
792 1947 917 1990 Tunc
942 1942 1175 1990 Robertus
1204 1942 1318 1989 abiit
1350 1941 1408 1989 ad
1444 1940 1603 2004 hospi-

192 2022 317 2070 cium
341 2037 496 2079 suum,
521 2020 579 2068 de
605 2020 818 2068 Dirachio
839 2025 1177 2084 nuncupatum,
1202 2019 1321 2066 infra
1340 2017 1600 2081 Neapolim,

193 2098 273 2146 ubi
299 2104 398 2146 erat
424 2097 608 2146 ducissa
634 2114 755 2145 uxor
779 2114 879 2145 sua.

246 2253 277 2288 1.
302 2251 466 2288 Suivant
497 2251 552 2288 les
584 2253 743 2287 Annales
779 2253 1036 2287 Bonincontric·
1069 2251 1148 2298 (ap.
1185 2250 1394 2297 Muratori‚
1426 2255 1454 2286 t.
1488 2249 1602 2294 XXI,

197 2311 269 2347 col.
293 2311 366 2356 41),
388 2310 422 2346 le
443 2310 614 2357 marquis
639 2310 684 2347 de
704 2310 931 2347 Montferrat
953 2310 1078 2347 aurait
1099 2310 1179 2358 peri
1208 2310 1254 2347 de
1282 2310 1318 2346 Ia
1344 2309 1450 2345 main
1478 2309 1605 2344 meme

197 2369 242 2405 de
264 2369 420 2406 Charles
441 2369 486 2405 de
510 2368 696 2405 Durazzo.

245 2428 279 2464 2.
302 2427 401 2463 C’est
423 2428 456 2463 le
476 2427 520 2463 28
543 2428 632 2463 aout
653 2437 725 2474 que
746 2425 801 2462 les
829 2426 996 2474 refugies
1023 2426 1073 2463 du
1103 2426 1267 2464 chateau
1298 2436 1338 2462 se
1365 2425 1564 2461 rendirent
1585 2425 1606 2460 a

198 2485 356 2522 Charles
385 2485 429 2522 de
456 2485 630 2521 Durazzo
660 2485 860 2530 (Gronicon
889 2486 1074 2527 Siculum,
1111 2485 1265 2522 Societa
1298 2484 1541 2531 Napoletana
1569 2483 1605 2519 di

200 2545 318 2582 storia
336 2545 473 2592 patria,
497 2544 595 2581 serie
615 2543 646 2589 I,
669 2543 884 2591 Cronache,
907 2545 1011 2590 1887,
1033 2555 1070 2591 p.
1095 2544 1165 2589 39).

248 2605 280 2641 3.
305 2605 359 2640 La
379 2604 484 2640 reine
506 2603 674 2650 capitula
696 2603 729 2638 le
749 2603 794 2640 26
815 2605 918 2639 aout.
937 2603 989 2640 Le
1010 2603 1032 2639 2
1054 2603 1282 2650 septembre,
1308 2602 1381 2639 elle
1403 2602 1458 2637 fut
1480 2607 1606 2637 trans-

201 2664 304 2700 feree
325 2663 374 2699 du
395 2661 695 2699 Chateau-Neuf
718 2673 766 2698 au
794 2663 957 2699 chateau
985 2661 1030 2699 de
1062 2662 1192 2699 l'OEus
1209 2663 1401 2707 (Cronicon
1422 2662 1604 2705 Siculum,

203 2722 356 2759 Societa
375 2721 616 2769 Napoletana
635 2720 672 2757 di
693 2721 810 2758 storia
830 2722 968 2769 patria,
990 2722 1087 2758 serie
1109 2722 1141 2769 Ι,
1163 2721 1377 2767 Cronache,
1399 2733 1433 2768 p.
1458 2721 1529 2768 39).

345 2793 392 2824 ΙΙΙ
1444 2786 1465 2823 2
