1941 3294
167 302 270 348 1398]
450 304 820 338 CHRONOGRAPHIA
846 305 999 338 REGUM
1023 305 1306 338 FRANCORUM.
1502 303 1565 339 161

165 383 243 430 ubi
276 382 397 445 capti
429 387 553 430 sunt.
589 384 734 428 Porro
766 398 825 428 ex
856 382 1087 446 lapidibus
1119 381 1398 444 ponderosis
1427 383 1567 429 occisi

164 465 273 507 sunt
293 459 509 507 dominus
527 445 788 506 Ludovicus
812 459 870 506 de
895 459 1090 507 Laniaco
1113 464 1159 505 et
1185 458 1279 507 duo
1301 459 1376 506 alii
1400 459 1569 507 milites

164 536 347 583 famosi.

229 615 328 670 Quo
352 613 491 669 facto,
519 628 688 676 guerra
713 613 914 660 ferocior
940 629 1080 676 quam
1106 617 1212 660 ante
1238 612 1359 659 inter
1382 612 1485 660 illos
1510 612 1569 659 de

161 689 268 736 villa
293 689 416 736 etde
443 688 620 752 palacio
646 688 874 745 surrexit3
906 705 1013 736 nam
1038 688 1100 736 illi
1126 689 1184 736 de
1208 688 1316 735 villa
1342 694 1571 751 ceperunt

161 766 418 813 subcavare
457 771 637 812 turrem
676 764 952 828 quadratam
987 782 1078 828 que
1114 771 1185 813 est
1217 766 1263 812 in
1298 782 1444 819 cornu
1479 765 1570 812 alte

161 841 288 889 curie
318 841 498 905 palacii.
532 843 658 888 Tunc
686 840 748 887 illi
785 840 843 887 de
874 841 1051 903 palacio
1087 840 1378 888 suffoderunt
1407 845 1571 888 contra

161 934 241 965 eos
287 933 341 965 ac
379 915 626 964 laminibus
672 916 838 964 ferreis
884 916 1158 964 ardentibus
1204 917 1361 982 ignem
1407 923 1570 964 contra

159 1010 240 1041 eos
265 998 619 1057 anteponentes,
641 993 813 1040 multos
832 993 940 1057 igne
961 994 1324 1042 suffocaverunt.
1349 993 1417 1041 Ibi
1445 993 1569 1041 enim

159 1070 307 1118 factus
333 1076 404 1118 est
434 1070 568 1117 miles
600 1069 835 1118 Robertus
868 1070 1110 1134 Cordigeri
1136 1071 1565 1134 supranominatus.

222 1150 369 1194 Porro
389 1148 533 1194 turris
552 1146 660 1194 inde
682 1163 775 1193 non
799 1152 870 1193 est
895 1147 1168 1210 impejorata
1188 1147 1409 1209 quoniam
1427 1164 1569 1210 supra

158 1240 360 1288 ruppem
386 1222 687 1271 durissimam
714 1223 883 1270 situata
909 1229 1007 1270 erat
1034 1240 1120 1271 nec
1145 1223 1291 1270 eciam
1318 1240 1377 1272 ex
1403 1230 1570 1287 quarta

158 1306 292 1363 parte
331 1305 430 1347 erat
461 1300 737 1356 subcavata3
776 1299 821 1345 in
858 1316 950 1362 qua
985 1299 1217 1362 siquidem
1257 1300 1377 1347 turri
1414 1300 1475 1347 illi
1511 1299 1570 1346 de

158 1377 336 1440 palacio
362 1383 618 1440 posuerant
644 1375 794 1423 dictos
821 1375 989 1423 milites
1014 1376 1073 1423 de
1099 1376 1290 1423 Francia
1314 1393 1421 1424 cum
1448 1382 1571 1424 cete-

156 1454 223 1502 ris
260 1453 569 1517 prisionariis‚
608 1459 658 1500 ut
692 1452 756 1499 illi
791 1452 851 1500 de
888 1452 995 1499 villa
1024 1452 1334 1500 formidarent
1371 1453 1571 1516 amplius

158 1530 434 1578 subcavare.
1201 1589 1206 1593 Α

221 1606 466 1655 Habebant
504 1612 658 1654 autem
701 1605 764 1652 illi
802 1605 861 1652 de
898 1605 1075 1668 palacio
1113 1622 1390 1669 campanam
1429 1622 1572 1670 quam

157 1683 406 1746 pulsabant
437 1684 553 1730 hora
583 1699 674 1745 qua
707 1682 891 1746 ingenia
927 1682 984 1729 de
1017 1682 1124 1729 villa
1155 1690 1316 1745 parata
1347 1689 1480 1730 erant
1512 1683 1570 1730 ad

157 1759 337 1824 lapides
372 1760 674 1816 emittendos,
712 1766 762 1807 ut
797 1759 855 1806 ab
888 1776 1051 1806 eorum
1083 1760 1283 1824 jactibus
1321 1760 1485 1824 singuli
1521 1777 1570 1808 se

159 1842 401 1884 servarent
432 1836 649 1900 amplius.
678 1839 771 1883 Hac
796 1853 965 1900 guerra
1000 1836 1210 1884 nundum
1244 1837 1390 1894 finita,
1422 1837 1485 1883 illi
1512 1837 1571 1884 de

158 1913 263 1960 villa
290 1913 492 1977 jactibus
525 1913 734 1976 lapidum
765 1913 1099 1977 confregerunt
1131 1930 1350 1977 magnam
1386 1920 1572 1976 partem

159 1990 237 2037 alti
264 1990 528 2053 spaciatorii
555 1990 682 2052 quod
710 1990 964 2054 vulgariter
990 1990 1196 2053 qhalerie
1224 1990 1412 2048 dicitur,
1443 1991 1570 2053 quod

158 2067 406 2131 gardinum
427 2070 549 2130 Pape
571 2066 985 2123 circumcludebat,
1016 2067 1061 2113 in
1083 2067 1214 2131 cujus
1241 2067 1444 2114 termino
1472 2073 1573 2114 erat

160 2143 367 2191 studium
393 2147 532 2206 Pape,
563 2159 616 2190 ac
640 2143 810 2190 multas
842 2141 1065 2190 formulas
1093 2143 1351 2191 vitrearum
1378 2149 1423 2190 et
1449 2148 1572 2190 tecta

160 2219 371 2267 aularum
397 2219 786 2266 dilaceraverunt.

227 2296 291 2343 Illi
319 2312 433 2343 vero
451 2295 509 2342 de
529 2296 707 2358 palacio
727 2301 888 2343 contra
915 2297 1016 2344 illos
1036 2296 1094 2344 de
1115 2296 1219 2343 villa
1243 2296 1421 2359 lapides
1444 2296 1570 2344 loco-

162 2389 268 2420 rum
290 2373 545 2420 fractorum
566 2372 815 2436 jaciebant,
838 2372 956 2437 ligna
982 2380 1138 2421 autem
1160 2380 1391 2420 tectorum
1413 2373 1573 2421 incen-

163 2450 336 2497 debant
361 2467 448 2512 pro
470 2449 565 2496 suis
587 2450 859 2497 necessariis
881 2451 990 2513 quia
1017 2451 1140 2515 ligna
1162 2466 1327 2497 eorum
1352 2451 1572 2499 combus-

162 2525 259 2573 tilia
284 2525 527 2573 combusta
554 2525 739 2573 fucrant
755 2527 785 2573 ¹.

228 2606 294 2650 Eo
312 2610 524 2666 tempore
539 2602 863 2666 applicuerunt
877 2620 1020 2667 super
1037 2603 1280 2651 Rodanum
1300 2604 1430 2667 xviij³
1445 2604 1572 2668 galee

215 2734 248 2768 1.
272 2732 380 2769 Cette
400 2732 664 2779 particularia}
686 2738 744 2769 est
766 2733 982 2781 &galement
1004 2735 1202 2780 rapportee
1221 2745 1289 2781 par
1310 2734 1342 2769 le
1364 2733 1571 2780 Religieux

167 2791 212 2827 de
235 2791 498 2839 Saint-Denys
521 2795 560 2834 (t.
584 2791 636 2838 ΙΙ,
658 2803 693 2838 p.
717 2792 812 2838 654).

311 2855 356 2885 111
1389 2853 1427 2887 11
