1941 3294
468 285 836 317 CHRONOGRAPHIA
862 286 1015 318 REGUM
1038 285 1317 316 FRANGORUM.
1531 282 1598 317 ‘2¹17

198 361 406 425 ejusdem
432 362 732 418 ascendisset,
762 362 952 426 angelus
977 360 1095 408 dixit
1120 361 1159 408 ei
1192 379 1201 408 :
1236 380 1256 405 α
1287 360 1540 416 Descende,
1577 381 1596 405 1>

198 444 244 485 et
269 438 369 501 ipse
389 438 628 485 descendit
651 453 756 484 cum
784 433 952 501 inagna
972 436 1257 484 difficultate.
1283 440 1409 484 Tunc
1433 440 1602 484 Temur

197 519 292 578 Bey
324 515 475 563 eidem
506 515 670 578 angelo
700 515 833 578 petiit
865 514 1204 578 expositionem
1236 513 1372 578 hujus
1404 513 1488 560 rei.
1519 514 1598 561 Cui

195 592 502 655 respondens,
541 591 601 638 ait
630 591 747 638 hanc
778 591 1118 654 expositionem
1152 591 1292 638 talem
1332 607 1434 637 esse
1473 590 1600 652 quod

195 668 395 716 debebat
414 684 610 733 regnare
632 674 676 714 et
691 667 921 715 dominari
941 668 1210 715 universum
1227 666 1455 714 mundum
1478 682 1599 712 sem-

195 761 280 807 per
319 744 364 791 in
408 747 719 808 prosperitate
761 744 916 807 spacio
954 759 1015 791 XL
1050 760 1298 790 annorum.
1336 747 1450 790 Item
1483 741 1600 789 dixit

195 820 321 882 quod
348 821 552 883 perfecte
576 821 706 867 novit
725 820 1028 885 cogitationes
1049 820 1289 868 hominum
1309 826 1355 867 et
1370 819 1496 883 quod
1515 819 1601 866 sibi

192 897 458 944 revelantur
478 914 563 960 per
580 897 815 961 angelum,
844 903 889 944 et
914 897 1018 944 ideo
1040 913 1175 944 nemo
1196 914 1335 944 ausus
1358 902 1428 943 est
1448 896 1600 944 facere

192 973 584 1037 conspirationem
622 981 784 1022 contra
827 991 934 1021 eum
975 973 1083 1037 quia
1120 973 1365 1021 confestim
1403 972 1461 1020 ad
1502 973 1600 1037 ejus

192 1050 409 1098 noticiam
444 1051 712 1114 perveniret
755 1069 763 1097 :
806 1056 851 1098 et
889 1052 1026 1114 hujus
1062 1050 1130 1097 rei
1171 1067 1307 1098 causa
1345 1051 1504 1114 plures
1542 1050 1600 1097 de

191 1127 398 1174 exercitu
422 1144 507 1175 suo
527 1128 712 1175 occidit.

255 1206 396 1251 Senes
414 1204 658 1267 utriusque
676 1221 815 1252 sexus
834 1204 1032 1252 multum
1052 1205 1250 1251 honorat
1271 1210 1317 1251 et
1337 1204 1403 1250 eis
1421 1204 1600 1251 confert

190 1298 360 1346 magna
394 1282 601 1330 donaria.
634 1285 691 1330 Et
718 1282 765 1328 in
801 1283 927 1329 curia
958 1299 1037 1329 sua
1073 1298 1210 1329 nemo
1246 1281 1440 1329 auderet
1472 1282 1599 1345 loqui

190 1364 352 1405 contra
373 1358 587 1405 mulieres
607 1365 652 1404 et
669 1359 872 1406 maxime
887 1365 1049 1406 contra
1066 1359 1228 1405 bonas.
1250 1361 1372 1421 Ipse,
1387 1358 1595 1421 inquam,

189 1434 329 1482 habet
359 1435 535 1497 aliquas
567 1435 863 1482 condiciones
896 1435 1149 1482 laudabiles
1178 1435 1301 1481 inter
1333 1435 1461 1491 alias,
1492 1435 1599 1498 quia

189 1516 463 1557 extraneum
489 1511 744 1574 quemlibet
771 1511 1028 1559 secundum
1051 1528 1188 1559 suum
1220 1517 1391 1559 statum
1424 1517 1469 1558 et
1494 1527 1600 1575 gra-

189 1587 302 1634 dum
327 1587 542 1635 honorat.
567 1588 759 1646 Quando
785 1589 909 1635 enim
936 1588 1094 1635 vinum
1118 1588 1253 1644 bibit,
1278 1588 1508 1652 benignus
1528 1595 1599 1636 est

189 1669 235 1710 et
254 1664 479 1720 liberalis,
504 1664 585 1711 sed
607 1682 699 1712 non
721 1682 831 1728 sepe
852 1665 963 1712 illud
985 1665 1119 1712 bibit.
1141 1668 1196 1712 Et
1218 1664 1255 1711 si
1279 1665 1482 1711 crudelis
1508 1672 1594 1718 est,

189 1756 376 1803 semper
407 1747 563 1788 tamen
597 1741 702 1788 facit
729 1741 955 1805 judicium
986 1748 1032 1788 et
1060 1741 1263 1788 custodit
1285 1740 1520 1805 justiciam
1552 1741 1598 1787 in

188 1817 314 1862 omni
341 1822 579 1879 tempore;
602 1817 732 1881 cujus
746 1817 929 1880 justicie
951 1834 1088 1864 causa
1108 1817 1155 1864 in
1177 1816 1324 1881 sigillo
1347 1833 1431 1864 suo
1450 1817 1597 1881 scrip-

186 1899 287 1939 tum
307 1899 377 1940 est
400 1893 471 1940 bis
495 1911 504 1940 :
533 1913 553 1937 (ι
579 1894 777 1950 Veritas,
808 1913 828 1938 ›>
853 1894 897 1941 in
917 1894 1072 1959 lingua
1094 1894 1292 1957 persica.
1318 1893 1421 1941 Suis
1442 1900 1596 1941 autem

186 1969 345 2017 amicis
363 1977 409 2017 et
429 1971 826 2018 ambaxiatoribus
844 1971 958 2019 satis
979 1971 1207 2035 benignus
1222 1976 1309 2026 est,
1328 1976 1372 2017 et
1394 1971 1596 2018 maxime

185 2045 273 2093 illis
292 2047 372 2110 qui
392 2047 449 2094 de
477 2048 730 2111 longinquo
757 2049 971 2104 veniunt;
1001 2048 1088 2095 illis
1114 2064 1228 2094 vero
1250 2047 1329 2110 qui
1356 2047 1442 2094 sibi
1472 2047 1596 2094 fore-

185 2121 357 2170 faciunt
375 2123 447 2170 vel
467 2124 788 2172 contradicunt
808 2141 889 2172 sue
907 2124 1150 2181 voluntati,
1178 2124 1374 2171 nimium
1394 2123 1595 2171 crudelis

185 2207 257 2247 est
290 2205 336 2247 et
368 2200 496 2264 ipsos
531 2201 631 2248 dira
667 2208 820 2249 morte
859 2208 991 2249 necat
1029 2208 1075 2250 et
1112 2201 1311 2249 diversis
1349 2201 1595 2249 tormentis

185 2276 382 2333 cruciat,
428 2294 519 2324 non
561 2278 814 2341 respiciens
855 2279 1170 2334 conditiones,
1217 2277 1465 2342 dignitates
1510 2295 1594 2325 nec

184 2353 325 2400 fidem
350 2370 661 2416 personarum
691 2360 735 2402 et
761 2355 1022 2418 specialiter
1051 2358 1430 2403 Sarracenorum.
1460 2357 1516 2402 Et
1541 2360 1593 2402 ut

183 2431 348 2486 fertur,
371 2431 610 2478 Sarraceni
632 2438 741 2478 sunt
761 2448 845 2494 per
865 2448 972 2479 eum
992 2448 1140 2494 usque
1161 2432 1220 2480 ad
1241 2437 1456 2494 quartam
1484 2448 1592 2495 par-

183 2512 278 2553 tem
302 2506 525 2554 destructi
551 2513 598 2554 et
617 2507 815 2555 diversis
841 2508 1086 2556 tormentis
1112 2508 1269 2556 occisi.

248 2583 358 2630 Item
378 2584 433 2630 de
459 2586 553 2631 vita
578 2594 620 2631 et
644 2593 768 2632 statu
794 2585 997 2648 ejusdem
1030 2585 1291 2632 Temurlani
1318 2594 1357 2632 et
1384 2602 1586 2642 suorum,

184 2660 239 2707 de
260 2661 441 2723 preliis,
474 2662 815 2724 nzaqnisicencia
842 2670 883 2709 et
903 2665 1113 2725 potencia
1141 2665 1261 2725 ejus.

250 2740 338 2784 Iste
368 2754 566 2801 namque
594 2739 895 2787 Temurlanus
919 2755 1106 2803 semper
1133 2756 1215 2802 per
1241 2739 1517 2803 campestria
1545 2739 1588 2785 in
