1941 3294
302 334 344 372 28
577 336 945 369 CHRONOGRAPHIA
970 335 1122 367 REGUM
1146 333 1423 367 FRANGORUM.
1593 328 1698 375 [1382

298 420 538 480 repararet
563 422 609 463 et
633 419 882 478 reponeret
906 412 1106 461 Parisius
1132 418 1177 459 et
1202 412 1374 476 ubique
1399 428 1484 475 per
1502 426 1698 475 regnum

299 509 434 541 suum
448 508 609 539 omnes
623 490 978 538 consuetudines
994 495 1039 535 et
1054 489 1288 536 libertates
1302 488 1470 551 quibus
1485 487 1700 534 utebatur

297 575 510 632 tempore
538 568 690 615 Sancti
715 566 934 615 Ludovici
961 571 1006 612 et
1031 565 1227 629 Philippi
1256 565 1424 621 Pulcri,
1454 563 1699 626 quittando

296 645 643 708 imperpetuum
687 659 849 690 omnes
886 641 1174 697 exactiones,
1220 641 1413 694 auxilia,
1454 639 1617 686 taillias
1654 645 1700 686 et

295 720 615 784 impositiones
636 734 952 782 quascumque
972 723 1019 764 et
1039 718 1165 780 quod
1193 724 1418 780 perpetuo
1442 716 1701 763 remitteret

295 812 458 843 omnes
483 795 738 842 occisiones
765 798 812 839 et
838 809 1055 839 excessus
1081 792 1332 855 predictos.
1362 796 1430 840 Ex
1461 792 1550 838 hoc
1575 789 1700 837 enim

293 871 482 918 tradidit
508 870 682 916 litteras
702 867 1038 916 Parieiensibus
1061 867 1164 931 (sic)
1186 873 1231 914 et
1249 865 1699 930 Rothomagensibus

294 964 347 994 ac
371 947 469 993 aliis
495 946 778 1007 reliquarum
805 943 1041 991 civitatum
1068 944 1147 1006 qui
1172 960 1249 990 eas
1274 943 1524 1006 petierunt.

357 1025 501 1069 Porro
529 1021 719 1068 domino
745 1020 939 1069 Johanni
963 1020 1021 1066 de
1052 1020 1276 1075 Floriaco,
1307 1019 1384 1082 qui
1425 1019 1471 1065 in
1507 1035 1699 1066 nemore

293 1100 568 1148 Vicenarum
606 1103 894 1144 remanserat
932 1101 980 1142 ut
1016 1095 1208 1142 haberet
1244 1095 1422 1141 litteras
1456 1111 1543 1157 pro
1574 1094 1700 1140 Pari-

292 1175 538 1227 siensibus,
569 1173 736 1220 tradite
769 1179 874 1220 sunt
909 1172 1076 1226 littere,
1109 1187 1201 1217 non
1236 1187 1321 1233 per
1347 1170 1540 1217 modum
1571 1176 1697 1217 carte

293 1256 535 1314 perpetue,
566 1249 694 1313 cujus
721 1248 920 1313 sigillum
948 1247 1006 1295 de
1038 1264 1143 1294 cera
1174 1246 1312 1293 viridi
1344 1252 1390 1293 et
1415 1246 1502 1293 filis
1537 1245 1699 1293 cericis

291 1328 456 1391 apendi
485 1327 619 1383 solet,
649 1342 757 1386 ymo
783 1330 914 1372 erant
941 1323 1134 1388 sigillate
1160 1322 1308 1387 sigillo
1333 1339 1438 1370 cere
1465 1338 1628 1369 crocee
1652 1323 1698 1369 in

292 1404 436 1452 cauda
479 1402 748 1466 pergameni
786 1401 1031 1464 pendenti3
1077 1400 1123 1446 in
1162 1400 1329 1462 quibus
1376 1399 1699 1446 continebatur

293 1480 418 1543 quod
444 1496 529 1526 rex
552 1495 657 1526 cum
683 1478 781 1542 ejus
807 1477 997 1524 consilio
1018 1483 1063 1523 et
1082 1476 1362 1539 quibusdam
1382 1476 1440 1522 de
1461 1475 1695 1539 parentela

292 1574 390 1613 sua,
421 1561 619 1620 protunc
644 1554 909 1602 remittebat
934 1552 1254 1616 impositiones
1280 1552 1380 1599 fieri
1405 1552 1580 1599 solitas.

356 1635 452 1690 Que
478 1632 629 1678 littere
656 1630 855 1678 Parisius
882 1630 1032 1686 allate,
1056 1646 1162 1676 cum
1188 1630 1304 1676 lecte
1330 1634 1485 1676 essent
1505 1645 1698 1691 presen-

290 1709 414 1756 tibus
448 1708 628 1755 civibus
664 1707 874 1771 ejusdem
908 1706 1122 1762 civitatis,
1151 1706 1240 1769 ipsi
1273 1706 1399 1752 cives
1434 1706 1551 1752 male
1588 1722 1698 1753 con-

289 1785 403 1833 tenti
431 1792 555 1841 sunt,
585 1783 792 1831 dicentes
819 1782 945 1846 quod
980 1799 1066 1845 per
1091 1782 1280 1829 malleos
1313 1788 1359 1829 et
1385 1782 1698 1829 communiam

290 1862 488 1909 civitatis
520 1861 721 1908 Parisius
753 1859 1073 1907 deffenderent
1112 1859 1348 1906 libertates
1383 1859 1580 1906 civitatis
1616 1876 1697 1907 sue

289 1955 342 1985 ac
368 1938 506 1984 totius
531 1937 663 2001 regni
688 1936 904 1992 Francie;
933 1941 978 1983 et
1003 1936 1147 1998 quod,
1171 1935 1459 1982 considerata
1487 1936 1556 1983 sui
1583 1936 1697 1983 mul-

288 2014 502 2071 titudine,
526 2030 618 2060 non
640 2018 912 2076 paterentur
932 2028 1274 2075 quemcumque
1294 2011 1466 2074 puniri,
1491 2011 1696 2058 dicentes

289 2091 407 2138 ultra
451 2106 500 2137 se
543 2106 636 2136 non
681 2089 833 2135 curari
874 2088 931 2135 de
976 2088 1140 2135 litteris
1180 2087 1462 2135 dimissionis
1504 2088 1697 2151 imposi-

288 2166 485 2222 tionum,
510 2182 625 2228 quas
650 2181 734 2212 rex
755 2163 997 2211 dimitebat
1016 2164 1122 2227 quia
1143 2163 1265 2211 aliud
1282 2163 1433 2211 facere
1452 2180 1543 2210 non
1564 2170 1696 2227 pote-

288 2249 359 2290 rat
385 2248 431 2289 et
457 2241 583 2304 quod
617 2241 790 2288 malent
824 2240 996 2287 habere
1027 2240 1203 2287 litteras
1238 2239 1524 2287 remissionis
1549 2239 1696 2287 dicto-

287 2335 394 2366 rum
420 2334 696 2365 excessuum
721 2317 788 2364 eis
813 2317 1052 2364 refutatas.
1078 2317 1158 2363 His
1184 2316 1448 2364 racionibus
1469 2316 1696 2364 miserunt

287 2396 455 2443 iterum
490 2394 550 2442 ad
586 2410 747 2458 regem
784 2399 830 2440 et
868 2393 926 2440 ad
963 2393 1128 2440 ducem
1166 2393 1432 2457 Burgundie
1468 2393 1547 2456 qui
1584 2400 1695 2440 tunc

288 2488 393 2519 eum
431 2471 649 2535 regebat,
678 2469 756 2533 qui
784 2469 880 2516 dux
915 2469 1181 2533 Burgundie
1217 2476 1263 2516 et
1294 2468 1534 2516 consilium
1570 2468 1694 2532 regis

288 2548 346 2595 de
375 2547 450 2596 die
484 2548 529 2594 in
562 2547 686 2594 diem
720 2546 1005 2601 differentes,
1040 2562 1132 2592 non
1168 2546 1427 2594 reddebant
1459 2546 1524 2593 eis
1559 2545 1693 2592 finale

288 2640 583 2688 responsum.
605 2627 731 2670 Tunc
748 2622 872 2669 enim
888 2622 1093 2670 tulerunt
1111 2623 1231 2670 bona
1253 2629 1297 2670 et
1317 2623 1559 2670 thesauros
1576 2638 1695 2684 quos

289 2700 488 2746 Parisius
513 2698 763 2746 habebant.

354 2776 598 2823 Dicebatur
624 2775 749 2823 enim
773 2780 885 2823 tunc
919 2774 1045 2839 quod
1071 2791 1155 2822 rex
1191 2775 1430 2823 muniebat
1455 2773 1693 2822 castellum
