1941 3294
301 216 365 253 ‘264
572 217 940 250 CHRONOGRAPIIIA
966 216 1116 247 REGUM
1140 215 1417 248 FRANCORUM.
1588 213 1691 259 [1405

299 296 398 344 aliis
421 294 714 358 magnatibus
739 310 792 340 ac
817 292 983 340 ceteris
1003 292 1373 354 quibuscumque
1398 291 1457 338 ad
1484 308 1565 338 sua
1583 292 1692 340 hos-

299 372 416 435 picia
444 370 760 427 redeuntibus,
790 374 986 431 excepto
1017 367 1140 415 dicto
1173 369 1289 416 duce
1320 368 1586 432 Burgundie
1612 369 1691 431 qui

299 448 442 494 eciam
475 446 648 493 ibidem
684 463 732 492 se
763 444 954 500 locavit3
983 449 1029 490 et
1053 444 1269 492 continuo
1304 444 1362 491 ab
1387 445 1513 490 omni
1538 451 1687 507 parte,

299 523 470 571 scilicet
489 522 772 585 Burgundia,
794 520 1023 576 Flandria,
1047 520 1253 567 Picardia
1275 526 1321 567 et
1341 520 1546 568 Almania
1564 536 1692 567 man-

299 600 426 647 davit
450 599 660 646 homines
682 613 938 645 armorum.
963 596 1126 644 Tenuit
1145 614 1343 660 namque
1367 602 1538 644 statum
1558 613 1692 644 suum

298 677 423 724 idem
454 676 550 723 dux
585 676 629 722 in
663 675 764 721 aula
800 673 952 720 Sancti
987 673 1206 720 Ludovici
1242 690 1327 737 per
1358 679 1533 720 terram
1566 678 1613 720 et
1647 673 1692 719 in

297 752 492 800 cameris
512 750 844 814 adjacentibus,
869 756 912 796 et
933 749 1030 796 dux
1048 750 1318 812 Aequitanie
1343 750 1388 796 in
1416 749 1519 796 altis
1542 764 1694 796 came-

296 829 362 875 ris
388 844 495 875 cum
521 834 619 874 toto
646 832 768 873 statu
794 842 877 872 suo
903 825 1080 872 locatus
1105 832 1192 873 est.

359 908 407 951 In
434 903 653 957 crastino,
677 918 792 948 vero
816 906 970 948 rector
993 907 1039 948 et
1065 902 1220 949 sanior
1240 919 1348 964 pars
1373 903 1694 951 Universitatis

294 978 581 1034 parisiensis,
619 983 751 1041 parte
786 977 927 1024 totius
959 977 1168 1041 ejusdem
1199 978 1522 1026 Universitatis
1555 995 1694 1026 vene-

293 1061 402 1101 runt
435 1054 492 1100 ad
526 1053 690 1100 ducem
725 1052 1007 1117 Burgundie,
1039 1059 1084 1100 et
1113 1053 1295 1118 cognita
1328 1053 1425 1117 ejus
1458 1055 1694 1101 voluntate

292 1147 433 1194 super
452 1130 708 1193 premissis,
732 1146 823 1191 que
840 1129 898 1176 ad
921 1129 1096 1177 bonum
1115 1131 1255 1176 finem
1276 1135 1322 1176 et
1342 1130 1693 1177 reformandum

292 1223 489 1271 regnum
523 1206 810 1263 intendebat,
849 1212 898 1252 ut
931 1205 1131 1262 dicebat,
1168 1211 1219 1253 ut
1252 1206 1402 1269 ipsam
1434 1206 1694 1253 executioni

292 1282 497 1329 breviter
523 1281 841 1338 demandaret,
867 1281 1032 1327 fortius
1056 1281 1213 1344 ipsum
1238 1281 1623 1329 exhortaverunt.

357 1357 531 1405 Deinde
564 1357 792 1404 dominica
831 1356 1085 1420 sequenti1‚
1126 1357 1184 1404 de
1228 1360 1409 1420 Lupara
1450 1374 1556 1404 cum
1599 1358 1694 1405 suis

292 1434 509 1482 omnibus
546 1433 754 1489 recessit,
784 1439 830 1480 et
855 1433 1045 1479 veniens
1083 1433 1141 1480 ad
1173 1449 1310 1480 suum
1342 1433 1603 1497 hospicium
1635 1434 1692 1480 de

291 1509 505 1558 Arthesio
526 1509 780 1572 vulgariter
801 1508 977 1555 dictum
997 1508 1141 1570 quod,
1166 1525 1223 1554 ne
1244 1508 1331 1555 sibi
1351 1508 1409 1555 ab
1431 1509 1694 1556 incursione

291 1586 488 1633 adversa
522 1590 786 1640 noceretur,
817 1584 1016 1631 fortibus
1044 1584 1207 1646 paletis
1234 1601 1319 1647 per
1345 1585 1695 1635 vicosccircum-

291 1662 411 1708 circa
437 1661 673 1708 fortificari
699 1660 822 1707 fecit.
848 1660 972 1706 Fecit
996 1661 1189 1722 insuper
1209 1660 1335 1723 quod
1362 1661 1695 1708 Parisiensibus

290 1737 471 1784 reddite
503 1737 690 1784 fuerunt
721 1737 914 1783 cathene
947 1736 1097 1783 ferree
1128 1752 1218 1799 que
1249 1742 1381 1783 erant
1411 1736 1458 1782 in
1492 1740 1691 1800 Lupara,

289 1831 402 1877 que,
444 1819 657 1876 tempore
698 1813 967 1860 Malleorum
1005 1813 1359 1868 Parisiencium,
1401 1820 1534 1876 parte
1569 1814 1694 1877 regis

289 1888 439 1934 ablate
471 1887 653 1933 fuerant
679 1892 725 1933 et
752 1892 935 1949 portate
966 1887 1011 1933 in
1045 1890 1242 1949 Lupara,
1273 1893 1322 1933 ut
1355 1894 1695 1950 reponerentur

289 1981 342 2011 ac
375 1965 692 2027 affigerentur,
724 1963 842 2010 sicut
868 1963 978 2010 olim
1004 1963 1186 2010 fuerant
1211 1981 1296 2027 per
1321 1965 1448 2011 vicos
1473 1964 1690 2011 Parisius.

289 2043 357 2086 Ex
378 2056 469 2101 qua
489 2056 540 2085 re
561 2057 586 2085 a
606 2039 938 2086 communitate
958 2038 1203 2086 Parisiensi
1224 2039 1349 2086 idem
1368 2040 1464 2087 dux
1483 2043 1694 2105 Burgun-

289 2114 364 2162 die
387 2114 554 2161 abhinc
579 2115 761 2161 inantea
787 2114 832 2160 in
861 2114 1066 2161 maximo
1093 2114 1253 2162 favore
1278 2115 1464 2163 habitus
1491 2121 1578 2163 est.

355 2191 601 2238 Castellum
625 2196 781 2238 autem
803 2191 860 2237 de
888 2194 1101 2254 Luppara
1128 2192 1349 2239 remansit
1376 2192 1463 2239 sub
1483 2192 1693 2239 custodia

290 2267 457 2314 nobilis
490 2267 577 2313 viri
611 2267 847 2331 Reginaldi
882 2266 1213 2330 d'Angiennes,
1245 2268 1419 2325 militis,
1448 2269 1527 2331 qui
1560 2274 1693 2332 parte

289 2343 413 2407 regis
446 2349 579 2390 antea
612 2343 669 2389 de
701 2359 756 2389 eo
789 2342 1047 2390 custodiam
1080 2344 1297 2401 habebat,
1328 2345 1505 2392 bastilia
1538 2345 1690 2392 Sancti

289 2419 506 2466 Anthonii
542 2425 690 2466 stante
722 2419 767 2465 in
802 2419 1012 2466 custodia
1050 2420 1205 2483 magni
1245 2421 1452 2484 magistri
1495 2420 1690 2484 hospicii

290 2496 430 2559 regis,
460 2496 536 2559 qui
566 2513 620 2543 eo
648 2502 775 2552 tunc,
807 2502 938 2559 parte
970 2497 1110 2560 regis,
1141 2496 1199 2544 de
1229 2497 1391 2544 eadem
1423 2497 1691 2561 capitaneus

340 2677 372 2711 l.
394 2675 436 2711 23
459 2677 550 2712 aout
571 2676 673 2712 1405.
