1941 3294
208 276 311 323 1384]
480 279 851 312 CHRONOGRAPHIA
875 279 1028 312 REGUM
1054 278 1334 311 FRANGORUM.
1564 277 1605 312 71

205 363 430 422 ceperunt
464 358 511 405 in
543 357 642 422 ejus
676 357 882 405 exercitu
908 357 1126 413 deficere,
1159 372 1324 403 omnes
1356 356 1404 403 in
1430 356 1610 404 desola-

207 434 385 482 tionem
410 441 456 481 et
479 439 715 482 terrorem
741 450 835 481 non
858 433 1095 482 modicum
1119 432 1396 480 incidentes.

270 511 474 559 Decessit
511 516 668 558 autem
703 510 750 557 in
786 510 968 573 prefato
1006 525 1168 557 mense
1203 508 1461 571 septembri
1503 510 1611 556 anni

205 588 484 652 prenotati1,
520 587 712 635 domino
745 587 985 635 Couchiaci
1015 593 1062 634 et
1093 586 1316 650 episcopo
1340 586 1610 634 Belvacensi

204 681 311 712 cum
337 672 390 711 x¹¹
418 663 652 727 equitibus
674 663 734 710 ad
766 663 854 711 sibi
879 662 1212 721 auxiliandum,
1242 679 1301 710 ex
1327 669 1461 726 parte
1486 663 1612 727 regis

203 741 412 798 Francie,
446 739 773 788 advolantibus
801 746 848 788 et
875 741 922 787 in
949 740 1192 788 obsidione
1217 739 1391 788 castelli
1421 739 1612 786 Aretine

203 817 420 871 civitatis,
449 823 500 864 ut
519 816 696 864 dictum
718 822 806 872 est,
831 816 1185 863 existentibus'2.
1216 817 1307 864 Cor
1329 822 1485 864 autem
1510 815 1611 880 ejus

202 894 391 941 allatum
419 899 491 941 est
521 893 568 940 in
596 893 790 940 ecclesia
822 894 976 941 Sancti
1001 892 1192 940 Dionisii
1219 893 1266 939 in
1292 893 1501 949 Francia,
1531 892 1611 940 ubi

202 970 458 1017 honorifice
494 969 788 1017 inhumatum
822 976 910 1017 est.
944 969 1073 1017 Multi
1104 986 1292 1033 quoque
1323 970 1382 1017 de
1415 969 1613 1017 civitati-

202 1046 290 1093 bus
314 1045 461 1103 Italie,
490 1045 646 1093 audita
665 1045 867 1109 predicti
889 1046 1015 1110 regis
1035 1045 1258 1094 Ludovici
1283 1051 1455 1102 morte,
1485 1045 1614 1093 letati

202 1129 310 1171 sunt
333 1123 488 1170 valde.

267 1202 415 1247 Porro
440 1199 659 1248 dominus
684 1200 924 1249 Couchiaci
951 1205 998 1247 et
1022 1199 1274 1263 episcopus
1299 1199 1608 1256 Belvacensis,

201 1276 416 1324 videntes
440 1276 732 1324 Florentinos
758 1277 960 1324 nitentes
984 1276 1114 1340 ipsos
1134 1292 1350 1340 gravare,
1380 1281 1615 1324 tractave-

201 1359 311 1400 runt
350 1369 456 1400 cum
492 1353 559 1400 eis
594 1370 681 1416 per
711 1353 890 1401 dictum
929 1353 988 1400 de
1024 1352 1258 1400 Humeriis
1299 1358 1345 1400 et
1379 1353 1612 1415 quosdam

201 1429 341 1477 alios3
375 1437 421 1477 et
457 1429 766 1478 reddiderunt
797 1431 863 1477 eis
897 1429 1070 1477 dictam
1104 1429 1339 1477 civitatem
1368 1430 1615 1478 Aretinen-

201 1522 319 1561 sem,
354 1506 588 1554 mediante
617 1522 786 1571 magna
814 1506 1119 1569 pecuniarum
1145 1523 1346 1563 summa,
1385 1523 1525 1569 quam
1552 1507 1611 1554 ab

201 1582 268 1630 eis
292 1583 618 1646 receperunt4.
647 1583 822 1631 Deinde
841 1583 983 1630 ambo
1009 1599 1116 1631 cum
1136 1583 1347 1631 exercitu
1373 1599 1459 1631 suo
1481 1600 1612 1632 rece-

200 1658 383 1717 dentes,
417 1660 705 1707 transierunt
740 1676 826 1724 per
856 1660 1129 1708 comitatum
1165 1659 1224 1707 de
1252 1660 1541 1725 Remaigne5
1568 1669 1615 1708 et

249 1812 282 1849 1.
305 1812 359 1848 Le
378 1811 452 1849 duc
472 1810 641 1860 d’Anjou
660 1817 817 1849 mourut
837 1812 932 1849 dans
953 1814 990 1849 la
1010 1813 1096 1849 nuit
1122 1812 1172 1849 du
1192 1813 1238 1850 20
1258 1824 1307 1850 au
1328 1814 1369 1850 21
1395 1814 1613 1862 septembre

200 1871 261 1917 (N.
286 1870 434 1917 valois,
455 1876 529 1908 art.
553 1874 630 1914 cit„
653 1883 688 1918 p.
714 1872 809 1913 148).

245 1930 281 1966 2.
303 1929 482 1966 Pendant
502 1930 801 1977 qu’Enguerran
821 1931 867 1967 de
888 1930 1019 1978 Coucy
1040 1930 1235 1978 negociait
1258 1942 1301 1967 sa
1321 1932 1493 1979 retraite,
1516 1933 1611 1969 Ber-

199 1989 300 2026 nabo
323 1989 515 2036 proposait
530 1989 552 2025 a
568 1990 603 2025 la
620 1990 808 2026 duchesse
829 1989 1013 2038 d’Anjou,
1031 2002 1079 2026 en
1096 1991 1300 2027 decembre
1317 1992 1422 2038 1384,
1439 1993 1485 2029 de
1503 1994 1612 2030 char·

199 2059 266 2096 ger
285 2048 322 2084 le
343 2047 416 2084 sire
437 2048 482 2084 de
505 2048 637 2096 Coucy
657 2048 703 2085 de
727 2062 743 2082 (ι
766 2049 861 2085 faire
877 2049 1001 2096 ligues
1015 2060 1108 2086 avec
1124 2049 1180 2086 les
1195 2051 1457 2087 communites
1477 2051 1613 2088 d'Yta-

201 2121 218 2141 «
239 2106 291 2142 lie
315 2120 330 2141 »
354 2108 526 2152 (Journal
555 2109 598 2143 de
623 2109 716 2143 Jean
735 2109 779 2144 Le
806 2109 923 2151 Fevre,
948 2110 1074 2154 evaque
1099 2110 1141 2144 de
1163 2110 1347 2152 Chartres,
1373 2115 1400 2146 t.
1423 2110 1457 2156 l,
1479 2122 1515 2158 p.
1539 2111 1612 2157 72),

199 2170 237 2202 et
257 2166 313 2201 les
334 2166 490 2212 regents
511 2165 561 2201 du
578 2177 765 2213 royaume
781 2167 828 2203 de
844 2166 962 2203 Sicile
977 2167 1030 2203 lui
1046 2167 1325 2205 demanderent
1339 2168 1386 2206 de
1403 2180 1442 2206 se
1459 2170 1611 2217 joindre

199 2223 222 2259 a
241 2233 315 2259 eux
339 2224 458 2266 (Ibid.,
482 2234 516 2270 p.
540 2223 612 2268 79).

245 2282 279 2318 3.
302 2281 394 2317 Mon
415 2281 591 2319 confrere
612 2287 650 2319 et
671 2283 749 2319 ami
776 2283 828 2319 M.
850 2283 901 2320 H.
923 2283 1094 2321 Lacaille
1116 2291 1208 2322 veut
1236 2285 1327 2321 bien
1348 2297 1411 2322 me
1431 2286 1514 2323 dire
1534 2299 1609 2334 que

198 2341 254 2378 les
274 2340 546 2388 negociateurs
567 2341 630 2388 qui
647 2344 998 2390 accompagnerent
1014 2343 1188 2380 Mathieu
1213 2344 1458 2382 d'Humieres
1479 2346 1609 2383 fui-ent

197 2399 359 2436 Charles
385 2399 432 2436 de
457 2399 636 2447 Hangest
664 2407 702 2437 ct
728 2400 872 2438 Bidaut
899 2402 945 2438 de
974 2402 1061 2439 Cais
1091 2403 1151 2449 (cf.
1176 2414 1219 2440 sa
1244 2404 1354 2440 these
1375 2404 1520 2441 inedite
1542 2415 1610 2440 sur

198 2459 431 2506 Enguerran
452 2459 497 2496 de
518 2459 677 2507 Coucy).

243 2519 279 2555 4.
301 2517 550 2554 C'est-a-dire
581 2518 711 2562 40,000
740 2520 872 2556 ssorins
903 2520 982 2557 d’or
1011 2521 1209 2567 (Durrieu,
1239 2525 1274 2558 la
1303 2524 1405 2558 Prz'se
1434 2524 1607 2559 d'Arezzo

195 2588 267 2624 par
285 2579 535 2623 anuerrand
565 2579 637 2622 VII,
653 2581 727 2614 sire
745 2580 786 2615 de
808 2581 942 2625 Coucy,
957 2591 1002 2616 en
1022 2581 1127 2623 1384,
1152 2583 1397 2628 Bibliotheqtae
1417 2583 1458 2617 de
1480 2574 1607 2618 l'Eeolc

198 2639 257 2674 des
278 2638 431 2678 chartas,
457 2643 484 2673 t.
508 2637 616 2684 XLI,
638 2639 762 2675 annee
784 2640 888 2683 1880,
910 2651 946 2687 p.
972 2640 1066 2686 188).

247 2698 280 2733 5.
303 2696 359 2732 La
380 2696 595 2743 Romagne.
