1941 3294
247 286 350 333 1405]
522 289 890 323 CHRONOGRAPHIA
916 290 1069 322 REGUM
1090 288 1369 321 FRANCORUM.
1578 287 1643 323 251

309 368 424 414 Cum
445 373 599 414 autem
630 367 720 413 huc
744 366 1024 423 advenisset,
1060 365 1215 413 statim
1242 365 1349 412 fecit
1376 365 1491 430 erigi
1517 365 1648 429 inge-

244 444 317 490 nia
336 461 416 491 sua
434 450 572 506 atque
586 443 841 500 trabuceta‚
860 443 982 491 unde
995 442 1196 490 habebat
1212 458 1430 506 magnam
1443 442 1642 505 copiam,

243 527 290 567 et
322 520 500 583 lapides
539 536 730 584 grossos
765 526 926 567 contra
962 519 1202 567 castellum
1239 518 1423 565 fortiter
1460 518 1642 582 jactari.

242 597 415 644 Deinde
441 596 604 644 videns
623 596 750 659 quod
776 597 821 642 vi
847 596 1120 653 assultuum,
1155 602 1250 642 tam
1280 600 1475 658 propter
1497 595 1646 642 bono-

241 689 348 720 rum
392 672 705 720 defi‘ensorum
753 672 852 736 ejus
900 672 1211 737 garnisionem
1262 687 1404 734 quam
1451 677 1646 734 propter

241 749 431 796 nimiam
463 749 533 796 sui
564 749 902 805 fortitudinem,
940 756 1050 797 tunc
1074 748 1186 796 illud
1218 748 1317 812 capi
1345 764 1438 795 non
1464 755 1641 811 posset,

241 825 348 872 fecit
367 824 507 871 locari
533 841 669 871 suum
695 825 950 872 exercitum
978 841 1128 888 prope
1155 824 1393 872 castellum
1420 824 1466 870 in
1496 824 1646 872 domi-

240 900 329 947 bus
354 901 459 947 ville
485 917 576 963 que
597 906 729 948 erant
753 901 888 948 valde
914 901 1053 958 bone,
1079 908 1125 948 et
1145 901 1347 964 quedam
1368 907 1526 948 vetera
1553 901 1646 949 fos-

240 983 354 1033 sata,
385 977 508 1024 unde
534 977 643 1024 olim
671 978 777 1025 villa
804 978 912 1025 alias
936 978 1020 1025 fuit
1049 978 1219 1032 clausa,
1252 978 1298 1025 in
1334 977 1575 1026 latitudine
1601 986 1647 1025 et

238 1053 555 1116 profunditate
580 1054 788 1116 reparari
814 1053 938 1110 fecit,
969 1070 1027 1101 ne
1053 1055 1120 1101 sui
1149 1053 1208 1101 ab
1233 1054 1435 1118 Anglicis
1465 1060 1560 1101 tam
1587 1054 1645 1101 de

238 1129 414 1177 Calesio
437 1146 577 1191 quam
600 1129 658 1176 de
677 1129 776 1176 aliis
802 1129 1102 1193 Anglicorum
1128 1129 1364 1176 fortaliciis
1390 1129 1646 1178 convicinis

238 1206 492 1269 improvise
516 1206 904 1271 aggrederentur.

303 1286 353 1329 In
374 1283 575 1330 crastino
601 1299 715 1330 vero
742 1283 833 1340 die,
865 1283 1077 1330 videlicet
1097 1283 1238 1347 jovis,
1269 1282 1433 1331 Franci
1459 1283 1644 1330 bassam

238 1365 416 1407 curtem
438 1359 647 1423 ejusdem
667 1359 838 1407 castelli
858 1360 901 1406 vi
923 1365 1149 1422 ceperunt
1168 1366 1213 1406 et
1235 1359 1279 1406 in
1299 1360 1449 1422 ipsam
1469 1360 1645 1406 intran-

236 1442 324 1493 tes,
352 1452 482 1493 oves,
503 1436 666 1491 boves,
691 1452 845 1493 vacas,
870 1453 1016 1499 equos
1034 1442 1079 1483 et
1094 1436 1302 1500 jumenta
1321 1436 1646 1483 habundanter

235 1513 541 1569 invenientes,
581 1512 788 1560 breviter
824 1513 978 1560 omnia
1019 1520 1295 1576 rapuerunt.
1337 1513 1403 1560 Ibi
1443 1529 1644 1576 namque

235 1590 469 1638 Robertus
494 1589 553 1636 de
579 1590 892 1639 Vernovillesl
924 1590 1057 1637 miles
1091 1590 1176 1637 fuit
1202 1590 1402 1637 letaliter
1429 1590 1644 1636 vulnera-

235 1671 328 1722 tus,
357 1673 403 1714 et
429 1666 554 1729 apud
578 1668 799 1714 Sanctum
824 1665 1146 1714 Audomarum
1165 1666 1379 1723 aductus,
1408 1683 1499 1713 non
1522 1666 1642 1713 mul-

235 1749 336 1790 tum
362 1750 468 1807 post
495 1743 713 1790 decessit.

300 1822 447 1866 Porro
473 1818 638 1866 eodem
666 1818 740 1865 die
765 1819 980 1866 exierunt
1009 1819 1066 1865 de
1087 1818 1270 1866 Kalesio
1297 1819 1428 1882 quasi
1455 1825 1642 1867 centum

233 1895 444 1942 homines
482 1911 721 1942 armorum
757 1901 803 1942 et
838 1895 1098 1958 equitantes
1133 1902 1361 1943 venerunt
1393 1896 1451 1943 ad
1479 1897 1643 1960 explo-

234 1972 434 2019 randum
454 1978 499 2019 et
515 1972 828 2019 invadendum
850 1976 1050 2019 Francos
1069 1989 1215 2034 usque
1237 1989 1378 2035 supra
1397 1973 1471 2020 vel
1492 1988 1641 2035 prope

233 2047 355 2094 dicta
381 2048 551 2094 fossata
578 2054 623 2095 et
654 2047 778 2102 inde,
812 2048 900 2095 hoc
936 2048 1072 2104 facto,
1109 2048 1153 2094 in
1182 2048 1408 2095 Calesium
1443 2055 1642 2110 quanto-

232 2125 330 2172 cius
363 2131 654 2172 revertentes
687 2141 772 2188 per
797 2124 1048 2187 quemdam
1075 2141 1241 2173 eorum
1270 2125 1503 2173 hiraldum
1531 2142 1642 2173 con-

230 2202 383 2250 festim
410 2202 750 2250 mandaverunt
783 2203 964 2266 prefato
990 2202 1148 2250 comiti
1175 2203 1330 2250 Sancti
1361 2203 1485 2250 Pauli
1511 2203 1639 2266 quod

232 2278 276 2325 in
302 2279 521 2335 crastino,
546 2279 718 2327 scilicet
738 2279 812 2326 die
834 2279 1062 2336 veneris2,
1087 2280 1200 2326 hora
1222 2279 1405 2343 prandii
1425 2280 1639 2327 venirent

232 2371 456 2419 pransum
481 2372 657 2412 secum,
691 2357 727 2402 si
754 2356 928 2404 ibidem
957 2373 1039 2403 eos
1064 2363 1369 2420 expectarent
1393 2374 1402 2403 :
1437 2357 1564 2420 quod
1593 2363 1638 2404 et

232 2431 457 2479 fecerunt.

295 2510 408 2555 Nam
434 2507 509 2555 die
532 2514 578 2555 et
602 2508 715 2556 hora
736 2509 976 2572 predictis,
1007 2510 1127 2558 sicut
1153 2510 1489 2558 mandaverant
1511 2510 1638 2558 exie-

280 2639 312 2673 1.
333 2638 435 2674 Jean
461 2649 509 2674 ou
538 2638 683 2675 Robort
709 2639 754 2675 de
782 2639 1072 2687 Berengevillc‚
1101 2640 1247 2687 d'apres
1281 2640 1506 2676 Monstrelet
1534 2644 1579 2680 (t.
1602 2641 1633 2686 Ι,

260 2724 267 2732 .
292 2696 354 2732 101
377 2724 385 2732 .

230 2707 254 2742 p
278 2755 312 2792 ⁶2.
336 2700 420 2793 Sloit
441 2758 474 2792 le
497 2759 539 2794 15
560 2758 636 2793 mai
659 2758 759 2794 1405.
