1941 3294
172 280 391 327 1382-1383]
444 283 814 316 CHRONOGRAPHIA
838 282 993 316 REGUM
1020 281 1299 314 FRANGORUM.
1529 279 1570 315 19

169 362 321 410 culam
358 378 546 410 auream
591 361 860 425 pectoribus
898 361 993 409 suis
1032 359 1356 424 affigendam1‚
1398 376 1572 422 eosque

169 437 399 502 adjuravit
438 436 657 500 quatinus
693 442 850 484 essent
888 437 976 484 sibi
1013 441 1061 484 et
1100 436 1185 483 toti
1225 452 1373 500 regno
1411 436 1575 484 fideles

168 520 329 562 contra
352 529 670 578 quoscumque
694 513 906 561 inimicos
928 530 1037 562 suos
1062 518 1109 561 et
1127 513 1254 577 quod
1275 528 1434 560 secum
1454 512 1576 559 irent

167 597 328 638 contra
363 594 641 639 Sarracenos
674 590 734 638 ad
768 590 1141 654 conquirendum
1178 606 1377 654 regnum
1410 589 1575 638 Jhero-

167 667 496 714 solimitanum.

229 745 338 790 Post
373 743 475 799 hec,
512 759 619 790 cum
652 743 886 791 Robertus
916 742 975 791 de
1008 742 1224 790 Arthesio
1255 742 1574 805 frequentaret

165 819 342 867 curiam
386 818 569 876 Karoli‚
613 819 716 882 ipse
755 825 800 866 et
839 836 959 867 uxor
1000 836 1082 867 sua
1123 819 1431 883 imprisionati
1467 824 1575 866 sunt

164 895 210 941 in
244 897 405 943 Castro
435 897 582 952 Νονο,
619 894 726 958 quia
760 896 957 943 Karolus
987 895 1229 943 dubitabat
1264 911 1321 942 ne
1354 894 1574 959 jungere-

163 976 240 1018 tur
286 987 393 1018 cum
437 970 554 1018 duce
595 971 881 1036 Andegavie.
929 975 1126 1029 Interea,
1172 971 1373 1034 quadam
1416 976 1569 1028 nocte,

162 1047 277 1094 bora
302 1048 403 1111 xija,
426 1047 586 1112 regina
613 1047 762 1095 Sicilie
785 1048 994 1096 Johanna
1020 1066 1046 1095 a
1071 1049 1232 1096 Castro
1254 1047 1337 1095 Ovi
1361 1048 1574 1095 educitur

161 1129 208 1170 et
233 1140 340 1172 cum
373 1124 530 1172 multis
553 1124 730 1172 facibus
756 1124 1028 1172 ardentibus
1052 1130 1098 1172 et
1123 1124 1222 1171 aliis
1245 1124 1569 1180 luminaribus,

161 1216 300 1248 manu
343 1207 522 1248 armata
562 1217 649 1264 per
680 1200 888 1248 medium
923 1201 1123 1248 civitatis
1158 1200 1207 1247 in
1246 1200 1478 1264 Apuliam,
1526 1200 1572 1247 in

160 1277 413 1324 Mourronii
439 1283 645 1325 castrum
671 1277 900 1325 ducitur2.

224 1355 405 1410 Postea,
437 1353 568 1416 quasi
593 1370 679 1417 per
704 1370 896 1410 annum,
926 1353 1146 1401 dominus
1176 1353 1411 1401 Robertus
1445 1369 1572 1401 mor-

158 1434 266 1477 tuus
301 1435 372 1477 est
405 1429 464 1477 de
500 1429 797 1493 impedimia3
833 1435 880 1476 et
914 1446 1035 1477 uxor
1069 1429 1168 1493 ejus
1203 1429 1327 1493 apud
1365 1429 1572 1477 Gaietam

158 1506 487 1554 incarceranda
512 1506 750 1563 translata,
781 1506 861 1553 ubi
886 1506 1076 1554 tandem
1103 1506 1149 1553 in
1174 1522 1342 1570 magna
1369 1523 1571 1570 pauper-

157 1589 251 1630 tate
284 1583 506 1640 moritur3
542 1583 824 1646 spoliaverat
855 1583 979 1631 enim
1011 1599 1115 1630 eam
1147 1599 1283 1630 soror
1315 1600 1414 1640 sua,
1449 1600 1571 1631 uxor

157 1660 314 1708 Karoli
354 1660 502 1724 regis,
546 1659 836 1707 vestimentis
883 1665 1023 1722 atque
1059 1660 1286 1723 jocalibus
1328 1660 1468 1708 suis⁴.
1515 1663 1571 1707 Et

158 1736 375 1784 dominus
402 1737 538 1793 Otho,
567 1736 687 1783 facto
711 1735 915 1799 quodam
942 1741 1142 1783 tractatu
1169 1754 1195 1783 a
1221 1736 1389 1783 comite
1415 1739 1570 1783 Mour-

157 1813 294 1870 ronii,
329 1813 551 1861 liberatus
581 1819 649 1860 est
685 1818 731 1860 et
764 1812 964 1860 traditus
994 1813 1319 1869 Januensibus,
1351 1812 1416 1860 sic
1441 1812 1568 1875 quod

205 1938 238 1972 1.
261 1937 314 1972 Le
342 1937 395 1972 1er
420 1935 638 1982 decembre,
660 1935 821 1972 Charles
847 1936 893 1972 de
920 1936 1094 1972 Durazzo
1124 1938 1213 1972 crea
1243 1948 1299 1972 un
1328 1936 1440 1973 ordre
1465 1950 1480 1970 «
1503 1937 1568 1984 qui

159 2009 175 2030 ι
198 2001 358 2032 vocatur
377 1995 467 2032 ordo
489 1995 608 2031 Navis
628 2008 643 2028 »
668 1996 863 2040 (Gronicon
883 1997 1065 2039 Siculum,
1091 1995 1247 2032 Societa
1267 1996 1510 2043 Napoletana
1530 1995 1568 2032 di

156 2055 274 2091 storia
293 2055 430 2102 patria,
453 2055 550 2091 serie
571 2054 602 2101 I,
623 2054 836 2100 Cronache,
862 2055 966 2101 1887,
987 2066 1024 2102 p.
1047 2055 1091 2091 44
1114 2060 1151 2092 et
1172 2060 1263 2091 note
1284 2055 1332 2099 3).

201 2112 236 2148 ί2.
260 2112 316 2148 La
335 2111 442 2148 reine
471 2111 526 2147 fut
546 2111 760 2148 transferee
780 2111 815 2148 le
836 2111 880 2148 28
903 2122 1008 2147 mars
1038 2111 1127 2148 1383
1159 2112 1353 2157 (Gronicon
1382 2112 1564 2155 Siculum,

155 2170 308 2208 Societa
338 2170 580 2218 Napoletana.
611 2170 648 2207 di
682 2170 800 2208 storia
827 2171 969 2219 patria,
1004 2171 1104 2208 serie
1135 2171 1172 2218 I,
1207 2171 1428 2218 Gronache,
1460 2173 1565 2219 1887,

157 2241 194 2277 p.
218 2230 290 2273 45).

204 2289 236 2325 3.
262 2301 279 2322 «
296 2288 376 2324 Alli
398 2289 440 2324 17
461 2288 507 2325 de
528 2288 647 2335 aprile
668 2288 765 2325 mori
786 2300 934 2326 messer
954 2289 1121 2326 Roberto
1143 2289 1189 2326 de
1211 2290 1341 2326 Artois
1361 2290 1498 2326 marito
1520 2290 1566 2327 de

159 2361 174 2381 «
198 2347 234 2383 la
259 2347 452 2384 duchessa
471 2346 508 2382 di
530 2347 719 2395 Durazzo,
742 2349 814 2385 che
841 2348 962 2384 allora
989 2359 1053 2385 era
1078 2349 1275 2396 pregione,
1297 2359 1318 2385 e
1339 2349 1386 2385 da
1413 2349 1502 2396 quel
1527 2349 1565 2385 di

159 2419 173 2440 ι
201 2411 234 2442 la
254 2406 445 2443 duchessa
465 2406 500 2442 fo
522 2406 691 2443 ristretta
712 2418 734 2443 a
754 2407 933 2444 Castiello
956 2419 1069 2453 novo,
1086 2420 1106 2445 e
1127 2408 1255 2455 perdio
1277 2414 1376 2444 tutta
1397 2409 1433 2444 la
1454 2409 1566 2445 obbe-

159 2478 174 2499 «
197 2465 333 2501 dienza
349 2479 364 2499 ³>
392 2466 577 2509 (Giornali
596 2466 824 2511 Napolitani,
849 2477 908 2513 ap.
933 2467 1136 2513 Muratori,
1158 2472 1184 2503 t.
1208 2467 1325 2513 XXI,
1348 2467 1417 2503 col.
1444 2467 1562 2511 1045).

155 2524 253 2560 Mais
281 2524 315 2559 le
343 2525 523 2561 Ονοηίεοη
555 2525 723 2560 Siculum
754 2525 921 2570 (Societa
948 2526 1188 2573 Napoletana
1208 2526 1247 2561 di
1276 2526 1395 2561 storia
1425 2525 1564 2572 patria,

156 2583 251 2619 serie
271 2583 303 2629 I,
323 2583 540 2629 Cronache,
562 2584 666 2629 1887,
682 2595 718 2630 p.
736 2584 793 2624 49)
811 2584 937 2621 donne
954 2585 990 2621 la
1011 2585 1096 2622 date
1109 2593 1266 2622 exacte:
1287 2585 1328 2621 19
1346 2584 1431 2631 juin
1460 2585 1561 2622 1383.

203 2643 236 2677 4.
259 2641 315 2678 Cf.
345 2644 525 2680 Cronicon
554 2642 725 2678 Siculum
753 2642 918 2688 (Societa
945 2643 1185 2691 Napoletana
1212 2644 1250 2679 di
1281 2643 1398 2680 storia
1427 2644 1562 2690 patria,

156 2699 253 2736 serie
267 2700 298 2743 Ι,
316 2699 529 2746 Cronache,
548 2700 652 2747 1887,
673 2712 708 2747 p.
727 2700 802 2747 38),
823 2701 889 2749 qui
911 2707 1068 2739 raconte
1089 2702 1203 2750 qu'en
1224 2701 1315 2739 effet
1335 2701 1495 2738 Charles
1516 2702 1562 2740 de

156 2758 331 2796 Durazzo
353 2759 541 2807 s'empara
560 2759 625 2797 des
646 2760 785 2797 tresors
806 2761 853 2798 de
874 2762 910 2797 la
931 2762 1141 2808 princesse.
