<?xml version="1.0" encoding="UTF-8"?>
<!DOCTYPE html PUBLIC "-//W3C//DTD XHTML 1.0 Transitional//EN"
    "http://www.w3.org/TR/xhtml1/DTD/xhtml1-transitional.dtd">
<html xmlns="http://www.w3.org/1999/xhtml" xml:lang="en" lang="en">
 <head>
  <title>
</title>
<meta http-equiv="Content-Type" content="text/html;charset=utf-8" />
  <meta name='ocr-system' content='tesseract 3.04.00' />
  <meta name='ocr-capabilities' content='ocr_page ocr_carea ocr_par ocr_line ocrx_word'/>
</head>
<body>
  <div class='ocr_page' id='page_1' title='image "./chronographiareg03mora_0233.png"; bbox 0 0 1941 3294; ppageno 0'>
   <div class='ocr_carea' id='block_1_1' title="bbox 188 280 1580 329">
    <p class='ocr_par' dir='ltr' id='par_1_1' title="bbox 188 280 1580 329">
     <span class='ocr_line' id='line_1_1' title="bbox 188 280 1580 329; baseline -0.002 -10"><span class='ocrx_word' id='word_1_1' title='bbox 188 282 292 329; x_wconf 83' lang='lat'>1399]</span> <span class='ocrx_word' id='word_1_2' title='bbox 459 284 828 317; x_wconf 85' lang='lat' dir='ltr'>CHRONOGRAPHIA</span> <span class='ocrx_word' id='word_1_3' title='bbox 854 284 1006 316; x_wconf 83' lang='lat' dir='ltr'>REGUM</span> <span class='ocrx_word' id='word_1_4' title='bbox 1029 284 1306 316; x_wconf 82' lang='lat' dir='ltr'>FRANCORUM.</span> <span class='ocrx_word' id='word_1_5' title='bbox 1518 280 1580 316; x_wconf 76' lang='lat'>171</span> 
     </span>
    </p>
   </div>
   <div class='ocr_carea' id='block_1_2' title="bbox 183 359 1592 2413">
    <p class='ocr_par' dir='ltr' id='par_1_2' title="bbox 183 359 1590 1096">
     <span class='ocr_line' id='line_1_2' title="bbox 188 359 1587 426; baseline -0.001 -16"><span class='ocrx_word' id='word_1_6' title='bbox 188 361 592 426; x_wconf 80' lang='lat' dir='ltr'>principalioribus</span> <span class='ocrx_word' id='word_1_7' title='bbox 628 361 870 418; x_wconf 90' lang='lat' dir='ltr'>nobilium,</span> <span class='ocrx_word' id='word_1_8' title='bbox 900 359 1011 408; x_wconf 89' lang='lat' dir='ltr'>cleri</span> <span class='ocrx_word' id='word_1_9' title='bbox 1047 366 1094 407; x_wconf 91' lang='lat' dir='ltr'>et</span> <span class='ocrx_word' id='word_1_10' title='bbox 1120 360 1281 424; x_wconf 91' lang='lat' dir='ltr'>populi</span> <span class='ocrx_word' id='word_1_11' title='bbox 1312 360 1408 407; x_wconf 89' lang='lat' dir='ltr'>fere</span> <span class='ocrx_word' id='word_1_12' title='bbox 1444 360 1587 408; x_wconf 85' lang='lat' dir='ltr'>totius</span> 
     </span>
     <span class='ocr_line' id='line_1_3' title="bbox 185 438 1588 504; baseline -0.003 -17"><span class='ocrx_word' id='word_1_13' title='bbox 185 440 346 504; x_wconf 87' lang='lat' dir='ltr'>Anglie</span> <span class='ocrx_word' id='word_1_14' title='bbox 378 439 436 486; x_wconf 92' lang='lat' dir='ltr'>ad</span> <span class='ocrx_word' id='word_1_15' title='bbox 469 439 640 485; x_wconf 86' lang='lat' dir='ltr'>dictam</span> <span class='ocrx_word' id='word_1_16' title='bbox 670 438 853 485; x_wconf 86' lang='lat' dir='ltr'>turr‘em</span> <span class='ocrx_word' id='word_1_17' title='bbox 885 443 1180 485; x_wconf 88' lang='lat' dir='ltr'>accesserunt</span> <span class='ocrx_word' id='word_1_18' title='bbox 1211 443 1257 484; x_wconf 90' lang='lat' dir='ltr'>et</span> <span class='ocrx_word' id='word_1_19' title='bbox 1290 442 1396 484; x_wconf 86' lang='lat' dir='ltr'>ante</span> <span class='ocrx_word' id='word_1_20' title='bbox 1429 452 1588 500; x_wconf 90' lang='lat' dir='ltr'>regem</span> 
     </span>
     <span class='ocr_line' id='line_1_4' title="bbox 186 512 1589 569; baseline -0.004 -6"><span class='ocrx_word' id='word_1_21' title='bbox 186 516 428 564; x_wconf 91' lang='lat' dir='ltr'>dominum</span> <span class='ocrx_word' id='word_1_22' title='bbox 455 531 591 562; x_wconf 92' lang='lat' dir='ltr'>suum</span> <span class='ocrx_word' id='word_1_23' title='bbox 617 520 810 569; x_wconf 87' lang='lat' dir='ltr'>stantes,</span> <span class='ocrx_word' id='word_1_24' title='bbox 835 519 1168 561; x_wconf 84' lang='lat' dir='ltr'>accusaverunt</span> <span class='ocrx_word' id='word_1_25' title='bbox 1192 529 1300 559; x_wconf 91' lang='lat' dir='ltr'>eum</span> <span class='ocrx_word' id='word_1_26' title='bbox 1320 512 1478 559; x_wconf 88' lang='lat' dir='ltr'>multis</span> <span class='ocrx_word' id='word_1_27' title='bbox 1499 512 1589 559; x_wconf 91' lang='lat' dir='ltr'>cri-</span> 
     </span>
     <span class='ocr_line' id='line_1_5' title="bbox 185 579 1588 655; baseline -0.004 -15"><span class='ocrx_word' id='word_1_28' title='bbox 185 593 388 640; x_wconf 88' lang='lat' dir='ltr'>minibus</span> <span class='ocrx_word' id='word_1_29' title='bbox 407 579 604 655; x_wconf 76' lang='lat' dir='ltr'>propter</span> <span class='ocrx_word' id='word_1_30' title='bbox 629 606 721 652; x_wconf 90' lang='lat' dir='ltr'>que</span> <span class='ocrx_word' id='word_1_31' title='bbox 741 606 832 637; x_wconf 92' lang='lat' dir='ltr'>non</span> <span class='ocrx_word' id='word_1_32' title='bbox 855 590 1003 637; x_wconf 91' lang='lat' dir='ltr'>solum</span> <span class='ocrx_word' id='word_1_33' title='bbox 1030 589 1088 637; x_wconf 92' lang='lat' dir='ltr'>de</span> <span class='ocrx_word' id='word_1_34' title='bbox 1110 589 1279 653; x_wconf 87' lang='lat' dir='ltr'>regalis</span> <span class='ocrx_word' id='word_1_35' title='bbox 1303 588 1588 636; x_wconf 85' lang='lat' dir='ltr'>celsitudinis</span> 
     </span>
     <span class='ocr_line' id='line_1_6' title="bbox 185 665 1588 730; baseline -0.003 -15"><span class='ocrx_word' id='word_1_36' title='bbox 185 668 302 716; x_wconf 92' lang='lat' dir='ltr'>solio</span> <span class='ocrx_word' id='word_1_37' title='bbox 319 673 442 715; x_wconf 90' lang='lat' dir='ltr'>esset</span> <span class='ocrx_word' id='word_1_38' title='bbox 461 666 784 730; x_wconf 84' lang='lat' dir='ltr'>deponenduS‚</span> <span class='ocrx_word' id='word_1_39' title='bbox 805 666 886 713; x_wconf 90' lang='lat' dir='ltr'>sed</span> <span class='ocrx_word' id='word_1_40' title='bbox 908 666 1075 713; x_wconf 89' lang='lat' dir='ltr'>merito</span> <span class='ocrx_word' id='word_1_41' title='bbox 1095 665 1272 713; x_wconf 90' lang='lat' dir='ltr'>crudeli</span> <span class='ocrx_word' id='word_1_42' title='bbox 1292 671 1443 712; x_wconf 87' lang='lat' dir='ltr'>morte</span> <span class='ocrx_word' id='word_1_43' title='bbox 1464 665 1588 728; x_wconf 90' lang='lat' dir='ltr'>plec-</span> 
     </span>
     <span class='ocr_line' id='line_1_7' title="bbox 184 741 1588 805; baseline -0.001 -15"><span class='ocrx_word' id='word_1_44' title='bbox 184 743 371 790; x_wconf 88' lang='lat' dir='ltr'>tendus.</span> <span class='ocrx_word' id='word_1_45' title='bbox 407 743 492 800; x_wconf 85' lang='lat' dir='ltr'>Qui</span> <span class='ocrx_word' id='word_1_46' title='bbox 528 741 682 788; x_wconf 90' lang='lat' dir='ltr'>animo</span> <span class='ocrx_word' id='word_1_47' title='bbox 720 741 957 796; x_wconf 88' lang='lat' dir='ltr'>deficiens,</span> <span class='ocrx_word' id='word_1_48' title='bbox 994 747 1044 789; x_wconf 90' lang='lat' dir='ltr'>ut</span> <span class='ocrx_word' id='word_1_49' title='bbox 1077 741 1262 796; x_wconf 87' lang='lat' dir='ltr'>dicitur,</span> <span class='ocrx_word' id='word_1_50' title='bbox 1299 741 1426 788; x_wconf 90' lang='lat' dir='ltr'>omni</span> <span class='ocrx_word' id='word_1_51' title='bbox 1460 741 1588 805; x_wconf 80' lang='lat' dir='ltr'>regie</span> 
     </span>
     <span class='ocr_line' id='line_1_8' title="bbox 184 817 1588 883; baseline -0.002 -17"><span class='ocrx_word' id='word_1_52' title='bbox 184 818 397 883; x_wconf 82' lang='lat' dir='ltr'>dignitati</span> <span class='ocrx_word' id='word_1_53' title='bbox 421 817 758 881; x_wconf 86' lang='lat' dir='ltr'>magestatique</span> <span class='ocrx_word' id='word_1_54' title='bbox 784 823 830 864; x_wconf 83' lang='lat' dir='ltr'>et</span> <span class='ocrx_word' id='word_1_55' title='bbox 848 833 1022 865; x_wconf 89' lang='lat' dir='ltr'>corone</span> <span class='ocrx_word' id='word_1_56' title='bbox 1047 833 1226 865; x_wconf 87' lang='lat' dir='ltr'>necnon</span> <span class='ocrx_word' id='word_1_57' title='bbox 1246 823 1294 865; x_wconf 86' lang='lat' dir='ltr'>et</span> <span class='ocrx_word' id='word_1_58' title='bbox 1315 817 1522 864; x_wconf 90' lang='lat' dir='ltr'>dominio</span> <span class='ocrx_word' id='word_1_59' title='bbox 1542 817 1588 863; x_wconf 91' lang='lat' dir='ltr'>in</span> 
     </span>
     <span class='ocr_line' id='line_1_9' title="bbox 183 893 1589 959; baseline -0.001 -17"><span class='ocrx_word' id='word_1_60' title='bbox 183 902 409 959; x_wconf 90' lang='lat' dir='ltr'>prumptu</span> <span class='ocrx_word' id='word_1_61' title='bbox 440 894 710 958; x_wconf 81' lang='lat' dir='ltr'>resignavit,</span> <span class='ocrx_word' id='word_1_62' title='bbox 745 894 861 942; x_wconf 89' lang='lat' dir='ltr'>sicut</span> <span class='ocrx_word' id='word_1_63' title='bbox 893 901 1020 958; x_wconf 86' lang='lat' dir='ltr'>patet</span> <span class='ocrx_word' id='word_1_64' title='bbox 1053 911 1139 957; x_wconf 91' lang='lat' dir='ltr'>per</span> <span class='ocrx_word' id='word_1_65' title='bbox 1170 894 1379 958; x_wconf 85' lang='lat' dir='ltr'>ejusdem</span> <span class='ocrx_word' id='word_1_66' title='bbox 1412 893 1589 941; x_wconf 80' lang='lat' dir='ltr'>litteras</span> 
     </span>
     <span class='ocr_line' id='line_1_10' title="bbox 184 970 1590 1036; baseline -0.001 -17"><span class='ocrx_word' id='word_1_67' title='bbox 184 989 300 1036; x_wconf 89' lang='lat' dir='ltr'>quas</span> <span class='ocrx_word' id='word_1_68' title='bbox 327 971 506 1036; x_wconf 88' lang='lat' dir='ltr'>Anglici</span> <span class='ocrx_word' id='word_1_69' title='bbox 538 970 818 1027; x_wconf 86' lang='lat' dir='ltr'>ostendunt,</span> <span class='ocrx_word' id='word_1_70' title='bbox 855 971 1054 1018; x_wconf 88' lang='lat' dir='ltr'>formam</span> <span class='ocrx_word' id='word_1_71' title='bbox 1083 987 1173 1034; x_wconf 92' lang='lat' dir='ltr'>que</span> <span class='ocrx_word' id='word_1_72' title='bbox 1208 971 1418 1034; x_wconf 89' lang='lat' dir='ltr'>sequitur</span> <span class='ocrx_word' id='word_1_73' title='bbox 1443 971 1590 1018; x_wconf 92' lang='lat' dir='ltr'>conti-</span> 
     </span>
     <span class='ocr_line' id='line_1_11' title="bbox 184 1056 382 1096; baseline -0.005 0"><span class='ocrx_word' id='word_1_74' title='bbox 184 1056 348 1096; x_wconf 86' lang='lat' dir='ltr'>nentes</span> <span class='ocrx_word' id='word_1_75' title='bbox 373 1066 382 1095; x_wconf 74' lang='grc' dir='ltr'>ε</span> 
     </span>
    </p>

    <p class='ocr_par' dir='ltr' id='par_1_3' title="bbox 186 1124 1592 2413">
     <span class='ocr_line' id='line_1_12' title="bbox 253 1124 1590 1188; baseline 0.001 -18"><span class='ocrx_word' id='word_1_76' title='bbox 253 1145 273 1170; x_wconf 78' lang='lat' dir='ltr'>c(</span> <span class='ocrx_word' id='word_1_77' title='bbox 306 1129 356 1173; x_wconf 92' lang='lat' dir='ltr'>In</span> <span class='ocrx_word' id='word_1_78' title='bbox 385 1125 573 1173; x_wconf 92' lang='lat' dir='ltr'>nomine</span> <span class='ocrx_word' id='word_1_79' title='bbox 605 1124 786 1172; x_wconf 88' lang='lat' dir='ltr'>Domini</span> <span class='ocrx_word' id='word_1_80' title='bbox 818 1124 1000 1172; x_wconf 75' lang='lat' dir='ltr'>amen1.</span> <span class='ocrx_word' id='word_1_81' title='bbox 1028 1124 1287 1172; x_wconf 88' lang='lat' dir='ltr'>Richardus</span> <span class='ocrx_word' id='word_1_82' title='bbox 1318 1124 1400 1172; x_wconf 93' lang='lat' dir='ltr'>Dei</span> <span class='ocrx_word' id='word_1_83' title='bbox 1435 1124 1590 1188; x_wconf 82' lang='lat' dir='ltr'>gracia</span> 
     </span>
     <span class='ocr_line' id='line_1_13' title="bbox 188 1201 1590 1266; baseline 0.001 -18"><span class='ocrx_word' id='word_1_84' title='bbox 188 1223 209 1248; x_wconf 68' lang='grc' dir='ltr'>ι(</span> <span class='ocrx_word' id='word_1_85' title='bbox 240 1219 325 1250; x_wconf 88' lang='lat' dir='ltr'>rex</span> <span class='ocrx_word' id='word_1_86' title='bbox 353 1201 513 1266; x_wconf 89' lang='lat' dir='ltr'>Anglie</span> <span class='ocrx_word' id='word_1_87' title='bbox 546 1207 591 1248; x_wconf 92' lang='lat' dir='ltr'>et</span> <span class='ocrx_word' id='word_1_88' title='bbox 618 1201 810 1248; x_wconf 88' lang='lat' dir='ltr'>Francie</span> <span class='ocrx_word' id='word_1_89' title='bbox 841 1208 887 1248; x_wconf 85' lang='lat' dir='ltr'>et</span> <span class='ocrx_word' id='word_1_90' title='bbox 913 1201 1130 1249; x_wconf 89' lang='lat' dir='ltr'>dominus</span> <span class='ocrx_word' id='word_1_91' title='bbox 1161 1201 1396 1256; x_wconf 89' lang='lat' dir='ltr'>Hibernie‚</span> <span class='ocrx_word' id='word_1_92' title='bbox 1426 1217 1590 1249; x_wconf 90' lang='lat' dir='ltr'>omnes</span> 
     </span>
     <span class='ocr_line' id='line_1_14' title="bbox 187 1277 1585 1341; baseline 0 -17"><span class='ocrx_word' id='word_1_93' title='bbox 187 1299 207 1324; x_wconf 68' lang='grc' dir='ltr'>(ς</span> <span class='ocrx_word' id='word_1_94' title='bbox 240 1279 472 1326; x_wconf 88' lang='lat' dir='ltr'>dictorum</span> <span class='ocrx_word' id='word_1_95' title='bbox 499 1293 756 1341; x_wconf 87' lang='lat' dir='ltr'>regnorum</span> <span class='ocrx_word' id='word_1_96' title='bbox 780 1284 826 1325; x_wconf 89' lang='lat' dir='ltr'>et</span> <span class='ocrx_word' id='word_1_97' title='bbox 852 1277 1166 1324; x_wconf 88' lang='lat' dir='ltr'>dominiorum</span> <span class='ocrx_word' id='word_1_98' title='bbox 1192 1277 1585 1340; x_wconf 84' lang='lat' dir='ltr'>archiepiscopos,</span> 
     </span>
     <span class='ocr_line' id='line_1_15' title="bbox 187 1353 1591 1418; baseline 0.001 -18"><span class='ocrx_word' id='word_1_99' title='bbox 187 1375 207 1400; x_wconf 70' lang='lat' dir='ltr'>&lt;z</span> <span class='ocrx_word' id='word_1_100' title='bbox 240 1355 486 1418; x_wconf 86' lang='lat' dir='ltr'>episcopos</span> <span class='ocrx_word' id='word_1_101' title='bbox 514 1361 560 1401; x_wconf 84' lang='lat' dir='ltr'>et</span> <span class='ocrx_word' id='word_1_102' title='bbox 590 1353 704 1401; x_wconf 92' lang='lat' dir='ltr'>alios</span> <span class='ocrx_word' id='word_1_103' title='bbox 735 1370 1056 1417; x_wconf 89' lang='lat' dir='ltr'>quoscumque</span> <span class='ocrx_word' id='word_1_104' title='bbox 1089 1353 1390 1400; x_wconf 90' lang='lat' dir='ltr'>ecclesiarum</span> <span class='ocrx_word' id='word_1_105' title='bbox 1415 1354 1591 1401; x_wconf 89' lang='lat' dir='ltr'>secula—</span> 
     </span>
     <span class='ocr_line' id='line_1_16' title="bbox 187 1430 1587 1494; baseline 0.001 -18"><span class='ocrx_word' id='word_1_106' title='bbox 187 1452 208 1476; x_wconf 82' lang='lat'>«</span> <span class='ocrx_word' id='word_1_107' title='bbox 239 1432 361 1479; x_wconf 89' lang='lat' dir='ltr'>rium</span> <span class='ocrx_word' id='word_1_108' title='bbox 386 1431 460 1477; x_wconf 90' lang='lat' dir='ltr'>vel</span> <span class='ocrx_word' id='word_1_109' title='bbox 485 1430 771 1494; x_wconf 80' lang='lat' dir='ltr'>regularium</span> <span class='ocrx_word' id='word_1_110' title='bbox 803 1430 1006 1493; x_wconf 86' lang='lat' dir='ltr'>prelatos</span> <span class='ocrx_word' id='word_1_111' title='bbox 1037 1430 1370 1493; x_wconf 88' lang='lat' dir='ltr'>cujuscumque</span> <span class='ocrx_word' id='word_1_112' title='bbox 1396 1430 1587 1494; x_wconf 88' lang='lat' dir='ltr'>gradus,</span> 
     </span>
     <span class='ocr_line' id='line_1_17' title="bbox 188 1506 1586 1572; baseline 0 -18"><span class='ocrx_word' id='word_1_113' title='bbox 188 1528 209 1554; x_wconf 67' lang='lat' dir='ltr'>a</span> <span class='ocrx_word' id='word_1_114' title='bbox 239 1507 493 1572; x_wconf 84' lang='lat' dir='ltr'>dignitatis,</span> <span class='ocrx_word' id='word_1_115' title='bbox 515 1513 662 1554; x_wconf 87' lang='lat' dir='ltr'>status</span> <span class='ocrx_word' id='word_1_116' title='bbox 682 1523 764 1554; x_wconf 91' lang='lat' dir='ltr'>seu</span> <span class='ocrx_word' id='word_1_117' title='bbox 785 1506 1069 1554; x_wconf 89' lang='lat' dir='ltr'>condicionis</span> <span class='ocrx_word' id='word_1_118' title='bbox 1088 1506 1308 1564; x_wconf 88' lang='lat' dir='ltr'>existant,</span> <span class='ocrx_word' id='word_1_119' title='bbox 1333 1506 1586 1570; x_wconf 88' lang='lat' dir='ltr'>ducesque,</span> 
     </span>
     <span class='ocr_line' id='line_1_18' title="bbox 187 1582 1592 1641; baseline 0 -12"><span class='ocrx_word' id='word_1_120' title='bbox 187 1604 208 1629; x_wconf 71' lang='grc' dir='ltr'>α</span> <span class='ocrx_word' id='word_1_121' title='bbox 236 1583 546 1641; x_wconf 86' lang='lat' dir='ltr'>marchiones,</span> <span class='ocrx_word' id='word_1_122' title='bbox 579 1583 792 1639; x_wconf 88' lang='lat' dir='ltr'>comites,</span> <span class='ocrx_word' id='word_1_123' title='bbox 828 1583 1046 1639; x_wconf 91' lang='lat' dir='ltr'>barones,</span> <span class='ocrx_word' id='word_1_124' title='bbox 1078 1583 1263 1640; x_wconf 83' lang='lat' dir='ltr'>milites,</span> <span class='ocrx_word' id='word_1_125' title='bbox 1292 1582 1516 1629; x_wconf 90' lang='lat' dir='ltr'>vassallos</span> <span class='ocrx_word' id='word_1_126' title='bbox 1546 1589 1592 1630; x_wconf 88' lang='lat' dir='ltr'>et</span> 
     </span>
     <span class='ocr_line' id='line_1_19' title="bbox 187 1659 1591 1724; baseline 0 -18"><span class='ocrx_word' id='word_1_127' title='bbox 187 1680 207 1706; x_wconf 73' lang='lat' dir='ltr'>&lt;z</span> <span class='ocrx_word' id='word_1_128' title='bbox 238 1676 514 1708; x_wconf 86' lang='lat' dir='ltr'>vavassores</span> <span class='ocrx_word' id='word_1_129' title='bbox 554 1676 685 1707; x_wconf 90' lang='lat' dir='ltr'>meos</span> <span class='ocrx_word' id='word_1_130' title='bbox 718 1665 764 1706; x_wconf 94' lang='lat' dir='ltr'>et</span> <span class='ocrx_word' id='word_1_131' title='bbox 795 1659 984 1724; x_wconf 90' lang='lat' dir='ltr'>ligiosos</span> <span class='ocrx_word' id='word_1_132' title='bbox 1017 1659 1230 1707; x_wconf 89' lang='lat' dir='ltr'>homines</span> <span class='ocrx_word' id='word_1_133' title='bbox 1268 1675 1591 1722; x_wconf 89' lang='lat' dir='ltr'>quoscumque</span> 
     </span>
     <span class='ocr_line' id='line_1_20' title="bbox 188 1735 1591 1798; baseline -0.001 -16"><span class='ocrx_word' id='word_1_134' title='bbox 188 1756 208 1782; x_wconf 72' lang='grc' dir='ltr'>α</span> <span class='ocrx_word' id='word_1_135' title='bbox 237 1736 574 1784; x_wconf 89' lang='lat' dir='ltr'>ecclesiasticos</span> <span class='ocrx_word' id='word_1_136' title='bbox 591 1736 665 1783; x_wconf 91' lang='lat' dir='ltr'>vel</span> <span class='ocrx_word' id='word_1_137' title='bbox 683 1736 932 1792; x_wconf 89' lang='lat' dir='ltr'>seculares,</span> <span class='ocrx_word' id='word_1_138' title='bbox 956 1751 1254 1798; x_wconf 90' lang='lat' dir='ltr'>quocumque</span> <span class='ocrx_word' id='word_1_139' title='bbox 1275 1735 1463 1782; x_wconf 90' lang='lat' dir='ltr'>nomine</span> <span class='ocrx_word' id='word_1_140' title='bbox 1483 1751 1591 1782; x_wconf 92' lang='lat' dir='ltr'>cen-</span> 
     </span>
     <span class='ocr_line' id='line_1_21' title="bbox 188 1811 1591 1877; baseline 0 -19"><span class='ocrx_word' id='word_1_141' title='bbox 188 1833 209 1858; x_wconf 82' lang='lat'>«</span> <span class='ocrx_word' id='word_1_142' title='bbox 237 1819 427 1861; x_wconf 86' lang='lat' dir='ltr'>seantur</span> <span class='ocrx_word' id='word_1_143' title='bbox 440 1831 466 1859; x_wconf 89' lang='lat' dir='ltr'>a</span> <span class='ocrx_word' id='word_1_144' title='bbox 480 1812 747 1877; x_wconf 87' lang='lat' dir='ltr'>juramento</span> <span class='ocrx_word' id='word_1_145' title='bbox 762 1812 995 1859; x_wconf 89' lang='lat' dir='ltr'>fidelitatis</span> <span class='ocrx_word' id='word_1_146' title='bbox 1015 1817 1060 1859; x_wconf 87' lang='lat' dir='ltr'>et</span> <span class='ocrx_word' id='word_1_147' title='bbox 1077 1811 1276 1876; x_wconf 88' lang='lat' dir='ltr'>homagii</span> <span class='ocrx_word' id='word_1_148' title='bbox 1300 1818 1346 1859; x_wconf 92' lang='lat' dir='ltr'>et</span> <span class='ocrx_word' id='word_1_149' title='bbox 1365 1811 1465 1859; x_wconf 90' lang='lat' dir='ltr'>aliis</span> <span class='ocrx_word' id='word_1_150' title='bbox 1489 1811 1591 1875; x_wconf 92' lang='lat' dir='ltr'>qui-</span> 
     </span>
     <span class='ocr_line' id='line_1_22' title="bbox 188 1887 1591 1952; baseline 0 -17"><span class='ocrx_word' id='word_1_151' title='bbox 188 1909 208 1934; x_wconf 73' lang='lat'>«</span> <span class='ocrx_word' id='word_1_152' title='bbox 239 1889 530 1952; x_wconf 89' lang='lat' dir='ltr'>buscumque</span> <span class='ocrx_word' id='word_1_153' title='bbox 568 1889 707 1935; x_wconf 91' lang='lat' dir='ltr'>michi</span> <span class='ocrx_word' id='word_1_154' title='bbox 740 1889 889 1946; x_wconf 88' lang='lat' dir='ltr'>factis,</span> <span class='ocrx_word' id='word_1_155' title='bbox 927 1889 1149 1951; x_wconf 89' lang='lat' dir='ltr'>omnique</span> <span class='ocrx_word' id='word_1_156' title='bbox 1179 1888 1366 1935; x_wconf 90' lang='lat' dir='ltr'>vinculo</span> <span class='ocrx_word' id='word_1_157' title='bbox 1396 1887 1591 1952; x_wconf 88' lang='lat' dir='ltr'>ligancie</span> 
     </span>
     <span class='ocr_line' id='line_1_23' title="bbox 186 1964 1592 2029; baseline 0.001 -18"><span class='ocrx_word' id='word_1_158' title='bbox 186 1985 206 2010; x_wconf 73' lang='grc' dir='ltr'><em>α</em></span> <span class='ocrx_word' id='word_1_159' title='bbox 237 1966 407 2029; x_wconf 87' lang='lat' dir='ltr'>regalis</span> <span class='ocrx_word' id='word_1_160' title='bbox 424 1982 476 2013; x_wconf 88' lang='lat' dir='ltr'>ac</span> <span class='ocrx_word' id='word_1_161' title='bbox 495 1965 705 2022; x_wconf 90' lang='lat' dir='ltr'>dominii,</span> <span class='ocrx_word' id='word_1_162' title='bbox 729 1966 1101 2029; x_wconf 83' lang='lat' dir='ltr'>quibuscumque</span> <span class='ocrx_word' id='word_1_163' title='bbox 1120 1964 1259 2012; x_wconf 91' lang='lat' dir='ltr'>michi</span> <span class='ocrx_word' id='word_1_164' title='bbox 1284 1965 1474 2029; x_wconf 89' lang='lat' dir='ltr'>obligati</span> <span class='ocrx_word' id='word_1_165' title='bbox 1495 1964 1592 2012; x_wconf 85' lang='lat' dir='ltr'>fue-</span> 
     </span>
     <span class='ocr_line' id='line_1_24' title="bbox 186 2041 1587 2104; baseline 0.001 -17"><span class='ocrx_word' id='word_1_166' title='bbox 186 2062 207 2087; x_wconf 77' lang='lat'>«</span> <span class='ocrx_word' id='word_1_167' title='bbox 239 2048 343 2090; x_wconf 86' lang='lat' dir='ltr'>rant</span> <span class='ocrx_word' id='word_1_168' title='bbox 367 2043 439 2089; x_wconf 92' lang='lat' dir='ltr'>vel</span> <span class='ocrx_word' id='word_1_169' title='bbox 464 2042 556 2090; x_wconf 90' lang='lat' dir='ltr'>sint</span> <span class='ocrx_word' id='word_1_170' title='bbox 580 2043 652 2090; x_wconf 92' lang='lat' dir='ltr'>vel</span> <span class='ocrx_word' id='word_1_171' title='bbox 672 2042 782 2089; x_wconf 88' lang='lat' dir='ltr'>alias</span> <span class='ocrx_word' id='word_1_172' title='bbox 803 2042 1155 2104; x_wconf 90' lang='lat' dir='ltr'>quomodolibet</span> <span class='ocrx_word' id='word_1_173' title='bbox 1178 2041 1354 2088; x_wconf 89' lang='lat' dir='ltr'>astricti</span> <span class='ocrx_word' id='word_1_174' title='bbox 1375 2041 1587 2097; x_wconf 90' lang='lat' dir='ltr'>absolvo,</span> 
     </span>
     <span class='ocr_line' id='line_1_25' title="bbox 187 2118 1590 2181; baseline -0.001 -16"><span class='ocrx_word' id='word_1_175' title='bbox 187 2138 208 2164; x_wconf 70' lang='grc' dir='ltr'>α</span> <span class='ocrx_word' id='word_1_176' title='bbox 239 2125 285 2166; x_wconf 92' lang='lat' dir='ltr'>et</span> <span class='ocrx_word' id='word_1_177' title='bbox 305 2135 386 2166; x_wconf 92' lang='lat' dir='ltr'>eos</span> <span class='ocrx_word' id='word_1_178' title='bbox 406 2125 451 2165; x_wconf 90' lang='lat' dir='ltr'>et</span> <span class='ocrx_word' id='word_1_179' title='bbox 468 2135 633 2166; x_wconf 90' lang='lat' dir='ltr'>eorum</span> <span class='ocrx_word' id='word_1_180' title='bbox 651 2119 849 2167; x_wconf 90' lang='lat' dir='ltr'>heredes</span> <span class='ocrx_word' id='word_1_181' title='bbox 866 2126 912 2166; x_wconf 89' lang='lat' dir='ltr'>et</span> <span class='ocrx_word' id='word_1_182' title='bbox 932 2135 1227 2166; x_wconf 85' lang='lat' dir='ltr'>successores</span> <span class='ocrx_word' id='word_1_183' title='bbox 1245 2118 1290 2165; x_wconf 90' lang='lat' dir='ltr'>in</span> <span class='ocrx_word' id='word_1_184' title='bbox 1309 2124 1590 2181; x_wconf 89' lang='lat' dir='ltr'>perpetuum</span> 
     </span>
     <span class='ocr_line' id='line_1_26' title="bbox 188 2195 1592 2259; baseline 0 -18"><span class='ocrx_word' id='word_1_185' title='bbox 188 2215 208 2240; x_wconf 69' lang='lat' dir='ltr'>&lt;x</span> <span class='ocrx_word' id='word_1_186' title='bbox 239 2195 298 2243; x_wconf 89' lang='lat' dir='ltr'>ab</span> <span class='ocrx_word' id='word_1_187' title='bbox 324 2195 502 2243; x_wconf 87' lang='lat' dir='ltr'>eisdem</span> <span class='ocrx_word' id='word_1_188' title='bbox 527 2195 887 2259; x_wconf 86' lang='lat' dir='ltr'>obligationibus</span> <span class='ocrx_word' id='word_1_189' title='bbox 915 2201 962 2243; x_wconf 92' lang='lat' dir='ltr'>et</span> <span class='ocrx_word' id='word_1_190' title='bbox 983 2195 1258 2259; x_wconf 85' lang='lat' dir='ltr'>juramentis</span> <span class='ocrx_word' id='word_1_191' title='bbox 1291 2202 1337 2242; x_wconf 88' lang='lat' dir='ltr'>et</span> <span class='ocrx_word' id='word_1_192' title='bbox 1363 2195 1462 2242; x_wconf 91' lang='lat' dir='ltr'>aliis</span> <span class='ocrx_word' id='word_1_193' title='bbox 1489 2195 1592 2257; x_wconf 92' lang='lat' dir='ltr'>qui-</span> 
     </span>
     <span class='ocr_line' id='line_1_27' title="bbox 187 2271 1591 2336; baseline 0.001 -19"><span class='ocrx_word' id='word_1_194' title='bbox 187 2292 208 2317; x_wconf 74' lang='lat'>«</span> <span class='ocrx_word' id='word_1_195' title='bbox 239 2273 528 2335; x_wconf 91' lang='lat' dir='ltr'>buscumque</span> <span class='ocrx_word' id='word_1_196' title='bbox 547 2272 723 2328; x_wconf 85' lang='lat' dir='ltr'>relaxo,</span> <span class='ocrx_word' id='word_1_197' title='bbox 747 2272 893 2320; x_wconf 88' lang='lat' dir='ltr'>libero</span> <span class='ocrx_word' id='word_1_198' title='bbox 913 2278 960 2320; x_wconf 89' lang='lat' dir='ltr'>et</span> <span class='ocrx_word' id='word_1_199' title='bbox 977 2272 1107 2336; x_wconf 88' lang='lat' dir='ltr'>quito</span> <span class='ocrx_word' id='word_1_200' title='bbox 1127 2277 1175 2319; x_wconf 92' lang='lat' dir='ltr'>et</span> <span class='ocrx_word' id='word_1_201' title='bbox 1199 2271 1390 2328; x_wconf 84' lang='lat' dir='ltr'>liberOS,</span> <span class='ocrx_word' id='word_1_202' title='bbox 1416 2272 1591 2335; x_wconf 88' lang='lat' dir='ltr'>quittos</span> 
     </span>
     <span class='ocr_line' id='line_1_28' title="bbox 187 2348 1585 2413; baseline 0.001 -18"><span class='ocrx_word' id='word_1_203' title='bbox 187 2369 207 2394; x_wconf 69' lang='grc' dir='ltr'>α</span> <span class='ocrx_word' id='word_1_204' title='bbox 239 2355 287 2396; x_wconf 89' lang='lat' dir='ltr'>et</span> <span class='ocrx_word' id='word_1_205' title='bbox 311 2349 558 2405; x_wconf 90' lang='lat' dir='ltr'>immunes,</span> <span class='ocrx_word' id='word_1_206' title='bbox 588 2355 812 2412; x_wconf 87' lang='lat' dir='ltr'>quantum</span> <span class='ocrx_word' id='word_1_207' title='bbox 843 2349 902 2397; x_wconf 91' lang='lat' dir='ltr'>ad</span> <span class='ocrx_word' id='word_1_208' title='bbox 936 2365 1186 2413; x_wconf 85' lang='lat' dir='ltr'>personam</span> <span class='ocrx_word' id='word_1_209' title='bbox 1219 2365 1371 2396; x_wconf 89' lang='lat' dir='ltr'>meam</span> <span class='ocrx_word' id='word_1_210' title='bbox 1402 2348 1585 2405; x_wconf 88' lang='lat' dir='ltr'>attinet,</span> 
     </span>
    </p>
   </div>
   <div class='ocr_carea' id='block_1_3' title="bbox 182 2519 1590 2805">
    <p class='ocr_par' dir='ltr' id='par_1_4' title="bbox 182 2519 1590 2805">
     <span class='ocr_line' id='line_1_29' title="bbox 231 2519 1590 2567; baseline 0.002 -13"><span class='ocrx_word' id='word_1_211' title='bbox 231 2520 264 2554; x_wconf 84' lang='lat'>1.</span> <span class='ocrx_word' id='word_1_212' title='bbox 288 2520 409 2555; x_wconf 80' lang='lat' dir='ltr'>Rotuli</span> <span class='ocrx_word' id='word_1_213' title='bbox 429 2521 669 2564; x_wconf 79' lang='lat' dir='ltr'>Parlamenti,</span> <span class='ocrx_word' id='word_1_214' title='bbox 693 2524 720 2555; x_wconf 82' lang='lat' dir='ltr'>t.</span> <span class='ocrx_word' id='word_1_215' title='bbox 743 2519 814 2564; x_wconf 88' lang='grc' dir='ltr'>ΙΠ,</span> <span class='ocrx_word' id='word_1_216' title='bbox 835 2531 871 2567; x_wconf 93' lang='lat' dir='ltr'>p.</span> <span class='ocrx_word' id='word_1_217' title='bbox 894 2520 977 2566; x_wconf 84' lang='lat'>416,</span> <span class='ocrx_word' id='word_1_218' title='bbox 999 2526 1037 2556; x_wconf 84' lang='lat' dir='ltr'>et</span> <span class='ocrx_word' id='word_1_219' title='bbox 1058 2519 1264 2566; x_wconf 84' lang='lat' dir='ltr'>Froissart,</span> <span class='ocrx_word' id='word_1_220' title='bbox 1281 2519 1339 2556; x_wconf 74' lang='lat' dir='ltr'>ed.</span> <span class='ocrx_word' id='word_1_221' title='bbox 1363 2520 1524 2567; x_wconf 84' lang='lat' dir='ltr'>Kervyn</span> <span class='ocrx_word' id='word_1_222' title='bbox 1545 2520 1590 2557; x_wconf 90' lang='lat' dir='ltr'>de</span> 
     </span>
     <span class='ocr_line' id='line_1_30' title="bbox 182 2578 1590 2626; baseline 0 -11"><span class='ocrx_word' id='word_1_223' title='bbox 182 2578 439 2624; x_wconf 83' lang='lat' dir='ltr'>Lettenhove,</span> <span class='ocrx_word' id='word_1_224' title='bbox 460 2584 488 2615; x_wconf 84' lang='lat' dir='ltr'>t.</span> <span class='ocrx_word' id='word_1_225' title='bbox 512 2579 623 2624; x_wconf 86' lang='lat' dir='ltr'>XVI,</span> <span class='ocrx_word' id='word_1_226' title='bbox 647 2591 681 2625; x_wconf 89' lang='lat' dir='ltr'>p.</span> <span class='ocrx_word' id='word_1_227' title='bbox 706 2580 785 2617; x_wconf 87' lang='lat'><strong>355.</strong></span> <span class='ocrx_word' id='word_1_228' title='bbox 809 2580 864 2616; x_wconf 89' lang='lat' dir='ltr'>La</span> <span class='ocrx_word' id='word_1_229' title='bbox 894 2581 1121 2626; x_wconf 81' lang='lat' dir='ltr'>Chronicque</span> <span class='ocrx_word' id='word_1_230' title='bbox 1148 2583 1189 2616; x_wconf 82' lang='lat' dir='ltr'>cle</span> <span class='ocrx_word' id='word_1_231' title='bbox 1217 2584 1255 2617; x_wconf 86' lang='lat' dir='ltr'>la</span> <span class='ocrx_word' id='word_1_232' title='bbox 1282 2584 1424 2616; x_wconf 71' lang='lat' dir='ltr'>traison</span> <span class='ocrx_word' id='word_1_233' title='bbox 1443 2584 1474 2615; x_wconf 80' lang='lat' dir='ltr'>et</span> <span class='ocrx_word' id='word_1_234' title='bbox 1494 2584 1590 2615; x_wconf 81' lang='lat' dir='ltr'>mort</span> 
     </span>
     <span class='ocr_line' id='line_1_31' title="bbox 183 2638 1589 2686; baseline 0.001 -12"><span class='ocrx_word' id='word_1_235' title='bbox 183 2639 224 2674; x_wconf 80' lang='lat' dir='ltr'>de</span> <span class='ocrx_word' id='word_1_236' title='bbox 245 2639 396 2675; x_wconf 80' lang='lat' dir='ltr'>Richart</span> <span class='ocrx_word' id='word_1_237' title='bbox 415 2640 510 2673; x_wconf 75' lang='lat' dir='ltr'>deux</span> <span class='ocrx_word' id='word_1_238' title='bbox 530 2649 578 2674; x_wconf 87' lang='lat' dir='ltr'>ne</span> <span class='ocrx_word' id='word_1_239' title='bbox 599 2638 726 2675; x_wconf 88' lang='lat' dir='ltr'>donne</span> <span class='ocrx_word' id='word_1_240' title='bbox 747 2650 814 2686; x_wconf 89' lang='lat' dir='ltr'>pas</span> <span class='ocrx_word' id='word_1_241' title='bbox 835 2640 870 2676; x_wconf 93' lang='lat' dir='ltr'>le</span> <span class='ocrx_word' id='word_1_242' title='bbox 896 2645 1001 2677; x_wconf 85' lang='lat' dir='ltr'>texte</span> <span class='ocrx_word' id='word_1_243' title='bbox 1022 2640 1067 2677; x_wconf 89' lang='lat' dir='ltr'>de</span> <span class='ocrx_word' id='word_1_244' title='bbox 1094 2639 1360 2685; x_wconf 79' lang='lat' dir='ltr'>l&#39;abdication3</span> <span class='ocrx_word' id='word_1_245' title='bbox 1389 2639 1489 2676; x_wconf 86' lang='lat' dir='ltr'>celui</span> <span class='ocrx_word' id='word_1_246' title='bbox 1515 2651 1589 2686; x_wconf 90' lang='lat' dir='ltr'>que</span> 
     </span>
     <span class='ocr_line' id='line_1_32' title="bbox 183 2696 1588 2747; baseline 0.001 -15"><span class='ocrx_word' id='word_1_247' title='bbox 183 2696 310 2733; x_wconf 89' lang='lat' dir='ltr'>donne</span> <span class='ocrx_word' id='word_1_248' title='bbox 330 2697 367 2733; x_wconf 84' lang='lat' dir='ltr'>la</span> <span class='ocrx_word' id='word_1_249' title='bbox 388 2698 704 2743; x_wconf 74' lang='lat' dir='ltr'>Chronoqraphia,</span> <span class='ocrx_word' id='word_1_250' title='bbox 726 2697 748 2733; x_wconf 75' lang='lat' dir='ltr'>a</span> <span class='ocrx_word' id='word_1_251' title='bbox 774 2703 859 2745; x_wconf 84' lang='lat' dir='ltr'>part</span> <span class='ocrx_word' id='word_1_252' title='bbox 888 2699 1072 2747; x_wconf 85' lang='lat' dir='ltr'>quelques</span> <span class='ocrx_word' id='word_1_253' title='bbox 1100 2699 1297 2736; x_wconf 84' lang='lat' dir='ltr'>variantes</span> <span class='ocrx_word' id='word_1_254' title='bbox 1325 2709 1416 2735; x_wconf 87' lang='lat' dir='ltr'>sans</span> <span class='ocrx_word' id='word_1_255' title='bbox 1435 2709 1588 2734; x_wconf 85' lang='lat' dir='ltr'>aucune</span> 
     </span>
     <span class='ocr_line' id='line_1_33' title="bbox 184 2754 1000 2805; baseline 0.004 -15"><span class='ocrx_word' id='word_1_256' title='bbox 184 2754 436 2802; x_wconf 81' lang='lat' dir='ltr'>importance,</span> <span class='ocrx_word' id='word_1_257' title='bbox 459 2760 518 2792; x_wconf 80' lang='lat' dir='ltr'>est</span> <span class='ocrx_word' id='word_1_258' title='bbox 538 2756 734 2792; x_wconf 85' lang='lat' dir='ltr'>conforme</span> <span class='ocrx_word' id='word_1_259' title='bbox 755 2757 778 2792; x_wconf 77' lang='lat' dir='ltr'>a</span> <span class='ocrx_word' id='word_1_260' title='bbox 797 2756 1000 2805; x_wconf 85' lang='lat' dir='ltr'>l&#39;original.</span> 
     </span>
    </p>
   </div>
  </div>
 </body>
</html>
