1941 3294
308 254 375 291 236
584 256 954 289 CHRONOGRAPHIA
979 255 1132 286 REGUM
1155 254 1434 287 FRANCORUM.
1598 252 1701 298 [1404

369 337 426 382 Et
446 333 685 381 venientes
706 332 764 379 ad
782 336 999 379 Nostram
1019 331 1260 378 Dominam
1282 331 1340 378 de
1364 331 1520 387 Hallis,
1545 331 1704 378 deces-

307 411 366 458 sit
391 410 454 458 ibi
482 409 528 456 in
553 425 645 456 uno
671 408 988 471 hospiciorum
1008 406 1216 470 ejusdem
1235 407 1359 464 ville,
1384 407 1428 452 in
1447 423 1540 469 quo
1567 408 1703 454 affixa

306 490 406 533 erat
429 485 606 549 effigies
633 484 776 540 cervi,
808 482 1039 530 dominica
1065 483 1214 546 xxvija
1242 483 1316 530 die
1341 482 1551 541 ejusdem
1576 499 1705 529 men-

306 562 386 619 sis,
423 562 538 608 hora
563 560 712 608 noctis
746 558 913 605 media.
953 557 1173 621 Princeps
1201 559 1355 623 largus
1388 565 1434 605 et
1460 559 1705 606 munificus

305 644 351 686 et
386 638 465 701 qui
489 638 535 684 in
561 642 749 693 venatu,
779 641 829 682 ut
855 634 1065 692 decebat,
1095 640 1140 681 et
1174 634 1220 681 in
1251 641 1481 698 aucupatu
1512 634 1706 682 edoctus

305 720 421 763 erat.
450 713 586 778 Cujus
609 729 781 775 corpus
806 711 900 758 sale
927 710 1209 767 conditum1‚
1242 712 1446 775 positum
1473 711 1519 758 in
1553 728 1707 758 sarro-

306 791 410 855 fago
432 790 669 853 plumbeo,
693 788 789 852 jam
811 787 869 834 ab
890 803 945 834 eo
966 787 1128 834 ablatis
1147 788 1403 835 visceribus
1423 794 1469 835 et.
1493 787 1539 833 in
1561 787 1707 834 eccle-

306 868 372 915 sia
403 871 569 914 Nostre
594 864 789 912 Domine
821 863 1030 928 ejusdem
1062 863 1166 910 ville
1198 864 1464 921 inhumatis,
1504 863 1706 910 delatum

305 950 375 990 est
398 946 603 990 Duacum
615 941 650 998 2,
681 940 760 987 ubi
785 940 885 987 fere
906 939 1075 987 mansit
1100 956 1231 987 mora
1253 940 1371 990 xv⁰i¹¹¹
1391 940 1590 988 dierum.

369 1023 426 1066 Et
457 1018 643 1065 interim
673 1017 873 1073 ducissa,
913 1033 1033 1064 uxor
1058 1015 1174 1080 ejus,
1204 1017 1420 1064 omnibus
1446 1017 1581 1064 bonis
1612 1017 1707 1064 suis

305 1112 357 1143 ac
383 1094 552 1142 debitis
577 1093 950 1157 quibuscunque,
983 1097 1140 1156 preter
1163 1092 1322 1140 dotem
1348 1108 1496 1148 suam,
1520 1092 1567 1139 in
1592 1109 1708 1156 quo-

306 1173 414 1221 dam
438 1171 590 1219 officio
612 1176 905 1218 mortuorum
928 1186 1014 1232 pro
1034 1169 1138 1233 ipso
1158 1169 1205 1216 in
1225 1169 1398 1233 capella
1419 1169 1489 1217 sui
1514 1169 1709 1232 hospicii

304 1249 350 1296 in
370 1248 631 1303 Attrebato,
657 1263 709 1294 ea
730 1252 964 1310 presente,
989 1246 1268 1302 celebrato3,
1294 1262 1378 1293 suo
1397 1245 1582 1309 cingulo
1602 1261 1708 1292 cum

305 1327 446 1374 bursa
478 1330 523 1372 et
548 1324 754 1372 clavibus
789 1339 931 1386 super
958 1323 1027 1370 sui
1056 1322 1504 1386 representationem
1538 1321 1700 1379 locelli,

305 1408 355 1449 ut
394 1400 557 1455 moris,
596 1399 892 1463 deponendo,
923 1398 1113 1446 omnino
1144 1398 1433 1446 renunciavit
1467 1404 1514 1445 et
1544 1398 1651 1446 inde
1684 1417 1709 1446 a

306 1478 496 1525 notariis
521 1483 567 1524 et
592 1476 917 1524 tabellionibus
944 1475 1140 1539 publicis
1172 1475 1235 1522 ibi
1263 1475 1586 1532 existentibus,
1615 1476 1709 1522 ins-

306 1559 540 1601 trumenta
564 1553 771 1617 petivit4.
798 1556 963 1600 Postea
987 1552 1191 1599 delatum
1212 1552 1361 1599 estad
1381 1551 1573 1599 domum
1601 1554 1710 1600 Car-

308 1629 582 1676 tusiensium
610 1628 742 1692 juxta
777 1627 1019 1674 Divionem
1048 1627 1093 1673 in
1126 1626 1410 1690 Burgundia,
1445 1634 1586 1690 quam
1611 1628 1710 1691 ipse

308 1711 522 1769 tempore
555 1721 641 1752 suo
660 1710 1004 1761 construxerat,
1034 1710 1078 1751 et
1104 1703 1167 1751 ibi
1192 1703 1445 1751 honorifice
1472 1703 1710 1767 sepulture

308 1881 445 1917 moins.
470 1881 522 1916 Le
550 1880 593 1916 16
621 1879 717 1915 avril
740 1879 766 1915 il
786 1878 948 1915 tombait
974 1878 1123 1914 malade
1144 1879 1166 1914 a
1187 1878 1400 1923 BruxelleS,
1425 1878 1459 1914 le
1477 1878 1564 1926 jour
1584 1879 1710 1916 meme

306 1943 354 1977 ou
370 1940 395 1975 il
410 1940 555 1976 traitait
572 1940 608 1975 la
629 1939 818 1975 duchesse
840 1939 885 1974 de
908 1939 1081 1974 Brabant
1102 1943 1140 1974 et
1160 1938 1215 1974 les
1235 1938 1461 1985 principaux
1482 1938 1527 1974 de
1548 1938 1585 1974 la
1605 1938 1708 1975 ville.

306 2000 360 2035 Le
380 1999 424 2035 26
445 1999 471 2034 il
492 2009 532 2034 se
559 1998 600 2033 fit
626 2004 755 2044 porter
781 2008 830 2034 en
860 1997 984 2034 litiere
1011 1998 1033 2033 ἐι
1061 1997 1189 2043 Helle,
1211 2003 1261 2043 et,
1284 2008 1434 2033 comme
1460 1997 1494 2033 le
1521 1996 1575 2033 dit
1601 2002 1710 2033 notre

307 2064 424 2103 texte,
447 2057 638 2104 plusieurs
663 2056 858 2092 habitants
879 2055 924 2092 de
950 2055 1155 2091 Bruxelles
1182 2055 1309 2091 furent
1330 2055 1457 2102 requis
1483 2065 1580 2101 pour
1605 2053 1710 2100 apla-

308 2115 369 2151 nir
390 2115 444 2151 les
472 2114 660 2151 chemins.
690 2114 742 2150 Le
767 2113 901 2160 prince
927 2113 1094 2150 mourait
1121 2114 1154 2149 le
1182 2113 1403 2149 lendemain
1425 2112 1482 2159 (E.
1505 2112 1621 2157 Petit,
1643 2114 1710 2148 Iti-

309 2177 473 2209 neraires
500 2175 541 2209 de
569 2175 930 2219 Philippo-le-Hardi
949 2176 980 2208 et
1002 2174 1043 2209 de
1062 2174 1154 2209 Jean
1173 2173 1399 2218 Sans-Peur,
1423 2184 1459 2219 p.
1483 2172 1563 2218 337,
1587 2172 1654 2209 338
1673 2177 1711 2208 et

309 2232 404 2276 578).

357 2298 389 2333 1.
414 2297 516 2333 Pour
535 2295 875 2332 l'embaumement
901 2294 951 2330 du
979 2305 1088 2341 corps
1116 2294 1164 2330 du
1195 2294 1269 2331 duc
1295 2299 1333 2331 et
1360 2305 1430 2331 son
1457 2294 1712 2332 ensevelisse-

310 2361 432 2401 ment,
455 2355 538 2391 voir
557 2356 663 2400 ibid„
684 2365 719 2400 p.
743 2354 824 2389 574.

358 2420 393 2455 2.
420 2433 435 2452 «
467 2419 526 2456 ou
560 2418 651 2454 ledit
685 2429 794 2465 corps
831 2418 1010 2465 sejourna
1039 2418 1202 2465 l'espace
1232 2417 1277 2454 de
1307 2417 1370 2454 dix
1396 2418 1504 2465 jours
1539 2431 1554 2452 ι)
1589 2419 1708 2465 (Ibid.‚

311 2491 346 2526 p.
371 2480 464 2520 577).
487 2478 546 2514 En
574 2477 654 2524 fait,
677 2477 711 2512 le
739 2488 850 2524 corps
880 2482 982 2513 resta
1007 2477 1029 2512 ἐι
1059 2477 1184 2513 Douai
1209 2477 1259 2513 du
1289 2478 1309 2513 5
1338 2488 1386 2513 au
1418 2478 1459 2514 14
1489 2477 1566 2513 mai
1588 2479 1710 2522 (Ibid.,

310 2547 347 2582 p.
372 2535 466 2578 341).

360 2600 393 2636 3.
416 2599 466 2635 Ce
494 2599 572 2635 doit
601 2599 680 2635 etre
710 2610 784 2634 aux
814 2597 997 2634 environs
1027 2598 1076 2634 du
1096 2599 1116 2635 9
1138 2598 1215 2634 mai
1237 2599 1355 2645 (Ibid.,
1379 2610 1415 2645 p.
1439 2598 1532 2643 342),
1550 2602 1587 2634 et
1608 2603 1712 2645 peut-

317 2659 396 2694 etre
417 2668 459 2694 ce
478 2657 624 2703 jour-la.
643 2657 783 2693 meme.

363 2722 396 2758 4.
422 2723 628 2767 Chronique
651 2722 701 2757 du
721 2722 907 2766 Reztyieuoe
924 2722 965 2756 de
981 2721 1243 2767 Saint-Denys,
1267 2726 1293 2756 t.
1316 2720 1387 2767 ΙΙΙ,
1408 2731 1444 2767 p.
1468 2719 1546 2756 146.
