1941 3294
195 289 297 335 1392]
469 291 838 325 GHRONOGRAPHIA
863 291 1016 323 REGUM
1043 289 1321 322 FRANCORUM.
1526 286 1592 321 105

192 379 239 420 et
272 371 475 435 quedam
512 371 596 418 alia
631 375 799 426 castra,
833 377 879 418 et
914 386 999 434 per
1029 370 1117 417 hoc
1145 368 1366 417 ducatum
1395 368 1594 415 Turonie

193 448 419 497 reddebat
444 447 561 512 regi.

257 528 306 572 In
327 524 494 572 eodem
512 540 688 581 mense,
712 540 813 581 rex,
838 523 1131 588 congregatis
1151 522 1307 570 multis
1326 520 1594 569 hominibus

192 617 432 648 armorum
461 616 551 647 una
583 616 688 647 cum
715 599 803 646 illis
830 600 942 648 abiit
966 602 1217 648 Carnotum
1242 604 1289 646 et
1312 597 1420 645 inde
1450 599 1595 645 Ceno-

192 677 419 725 manni-31.
458 680 708 738 Postquam
750 693 863 723 vero
903 676 1072 723 mansit
1108 676 1171 723 ibi
1213 692 1297 738 per
1331 673 1595 737 quindecim

192 753 292 801 dies
317 771 406 801 una
427 769 531 800 cum
552 752 769 817 gentibus
795 753 907 809 suis,
930 753 1019 800 iter
1043 752 1239 816 arripuit
1259 758 1309 799 ut
1333 751 1424 798 iret
1443 750 1596 798 Ande-

191 830 338 894 gavis.
368 834 512 878 Erant
540 830 664 876 enim
695 846 852 876 secum
878 829 1139 877 Ludovicus
1171 829 1267 877 dux
1296 828 1597 876 Aurelianen-

192 906 272 962 sis,
297 905 440 952 frater
465 905 563 969 ejus
590 911 635 952 et
661 905 803 953 duces
829 906 1095 969 Burgundie
1121 912 1166 953 et
1191 904 1412 953 Borbonii
1445 904 1595 968 patrui

191 981 313 1046 ejus;
343 998 543 1045 cumque
570 981 807 1029 civitatem
830 982 1093 1046 elongasset
1118 1000 1144 1029 a
1172 981 1465 1038 semileuoaz
1497 981 1599 1043 qui-

192 1059 300 1106 dam
330 1059 471 1105 homo
497 1058 650 1106 fatuus
676 1065 754 1106 aut
786 1059 1049 1106 insensatus
1080 1058 1323 1114 accedens,
1360 1058 1481 1121 cepit
1507 1057 1599 1105 fre-

192 1151 304 1182 num
333 1135 439 1197 equi
465 1135 535 1182 sui
561 1140 607 1182 et
633 1135 750 1183 dixit
779 1135 820 1182 ei
851 1153 860 1181 :
899 1154 918 1179 c<
951 1138 1067 1191 Rex,
1095 1141 1145 1182 tu
1171 1135 1369 1182 traditus
1395 1141 1440 1181 et
1465 1134 1599 1197 inpo-

196 1231 217 1256 «
249 1212 456 1260 cionatus
493 1213 568 1259 es!
610 1231 630 1257 >³
668 1216 768 1270 Quo
799 1212 941 1268 dicto,
978 1211 1110 1259 duxit
1148 1228 1254 1258 eum
1294 1228 1380 1274 per
1414 1211 1597 1258 frenum

192 1289 299 1351 equi
334 1289 404 1336 sui
441 1289 571 1352 quasi
607 1288 693 1335 xxti
725 1305 890 1352 passus
925 1304 977 1335 ac
1013 1287 1188 1334 dimisit
1224 1304 1349 1334 eum.
1391 1290 1598 1350 Cumque

192 1382 277 1412 rex
304 1372 464 1429 postea
490 1365 756 1428 aliquandiu
783 1365 1064 1419 incessisset,
1093 1364 1236 1411 multa
1268 1364 1475 1428 cogitans
1502 1365 1598 1410 sine

192 1442 383 1505 alicujus
409 1441 542 1488 verbi
569 1442 846 1504 prolatione,
877 1441 996 1488 dixit
1020 1440 1278 1488 astantibus
1309 1457 1318 1486 :
1353 1459 1372 1484 <1
1405 1443 1598 1503 Semper

197 1537 217 1563 <1
249 1518 399 1566 habeo
424 1518 677 1566 traditores
702 1519 746 1565 in
774 1518 898 1565 curia
926 1518 1052 1564 mea!
1086 1537 1106 1562 1>
1136 1523 1182 1564 et
1214 1534 1325 1564 mox
1354 1517 1600 1564 infremes-

192 1611 297 1642 cere
315 1594 455 1657 cepit.
476 1593 650 1641 Deinde
675 1594 854 1657 accepit
877 1593 1099 1649 lanceam,
1125 1610 1284 1640 ensem
1304 1598 1351 1640 et
1370 1593 1598 1640 cassidem

194 1687 246 1718 ac
273 1671 501 1734 percussit
527 1688 552 1717 a
573 1670 751 1717 dextris
777 1676 823 1716 et
848 1688 874 1716 a
901 1669 1115 1724 sinistris,
1147 1670 1412 1732 multosque
1439 1669 1600 1717 vulne-

192 1747 330 1803 ravit,
360 1747 423 1794 ita
443 1753 493 1794 ut
519 1747 660 1809 aliqui
685 1746 794 1794 inde
815 1748 1156 1794 morerentur3.

257 1827 384 1870 Tunc
409 1823 454 1869 vi
480 1823 721 1870 hominum
742 1829 904 1886 captus
925 1829 994 1870 est
1021 1830 1065 1870 et
1091 1823 1253 1870 allatus
1273 1822 1332 1870 ad
1359 1822 1599 1870 ecclesiam

192 1899 344 1947 Sancti
373 1899 538 1947 Juliani
571 1900 616 1946 in
640 1901 956 1954 CenomannO‚
984 1900 1063 1946 ubi
1087 1899 1272 1947 duobus
1304 1900 1468 1947 diebus
1497 1906 1598 1946 tan-

192 1983 292 2023 tum
318 1976 578 2023 infirmatus
598 1976 697 2023 est4
725 1976 851 2039 quod
873 1977 1088 2023 inunctus
1110 1982 1155 2023 et
1174 1977 1414 2023 confessus
1435 1983 1521 2030 est,
1546 1993 1599 2023 ac

192 2052 369 2115 recepit
395 2055 750 2099 Sacrosanctum
776 2052 1068 2100 Dominicum
1097 2054 1294 2115 Corpus.
1320 2055 1446 2100 Tunc
1475 2052 1599 2099 enim

193 2128 265 2175 his
291 2128 495 2175 candella
523 2128 763 2176 benedicta
786 2129 881 2176 suis
901 2129 1115 2176 manibus
1136 2128 1353 2192 imposita
1364 2135 1459 2186 est,
1483 2146 1600 2193 quo-

194 2205 319 2252 niam
353 2205 630 2268 sperabatur
660 2206 786 2268 quod
821 2206 922 2269 ipse
957 2212 1239 2254 moreretur.
1271 2205 1600 2252 Nichilominus

243 2348 274 2382 1.
298 2346 351 2382 Le
372 2346 428 2382 roi
455 2346 549 2382 &tait
569 2346 693 2383 arrive
724 2347 758 2383 le
778 2347 821 2383 24
848 2347 975 2394 juillet
1006 2358 1054 2383 au
1082 2348 1194 2383 Mans
1226 2346 1338 2393 (Bibl.
1368 2352 1464 2390 nat.,
1488 2346 1599 2383 fonds

194 2405 258 2441 lat.
283 2405 411 2451 14669,
435 2406 496 2441 fol.
524 2405 585 2441 101
611 2407 678 2451 νο).

240 2465 275 2501 2.
299 2466 318 2501 5
340 2467 430 2501 aout
453 2465 556 2502 1392.

243 2525 275 2561 3.
299 2526 351 2561 Le
374 2525 578 2572 Religieux
609 2525 654 2560 de
683 2525 951 2573 Saint-Denys
982 2527 1021 2571 (t.
1046 2525 1096 2569 II,
1125 2537 1160 2573 p.
1190 2525 1247 2570 20)
1278 2529 1435 2561 raconte
1461 2524 1507 2560 de
1529 2535 1599 2561 son

194 2585 278 2621 cote
298 2596 371 2631 que
392 2585 426 2620 le
449 2585 503 2621 roi
522 2590 588 2621 tua
608 2589 743 2632 quatre
768 2586 959 2631 hommes,
986 2586 1110 2633 parmi
1137 2585 1304 2632 lesquels
1328 2584 1361 2620 le
1391 2583 1526 2619 hatard
1553 2583 1598 2619 de

196 2643 395 2690 Polignac.

241 2702 274 2738 4.
297 2703 372 2739 Sur
398 2702 434 2738 la
452 2702 617 2738 maladie
639 2702 688 2738 du
710 2702 765 2739 roi
786 2708 824 2739 et
850 2703 905 2740 les
925 2703 1137 2747 medecins,
1161 2703 1245 2739 voir
1265 2695 1379 2739 Etude
1399 2711 1466 2736 sur
1487 2703 1524 2737 la
1543 2703 1598 2737 vie

194 2761 236 2796 de
254 2762 347 2796 Jean
370 2762 409 2797 Le
429 2763 595 2806 Mercier,
617 2773 651 2808 p.
676 2761 754 2797 151.
