1941 3294
480 311 848 344 CHRONOGRAPHIA
874 310 1027 342 REGUM
1051 308 1329 340 FRANCORUM.
1540 304 1607 340 213

208 389 353 436 vitam
379 389 516 436 ducet
542 388 587 434 in
611 387 842 452 humanis.
867 390 1196 434 Verumtamen
1223 385 1357 432 etatis
1383 389 1453 431 est
1467 390 1612 432 LXXVe

208 482 437 513 annorum
457 471 501 512 et
519 465 613 528 jam
629 469 747 512 xxxa
764 463 895 510 annis
916 461 1173 509 dominium
1190 461 1362 517 tenuit3
1386 477 1479 523 quo
1493 467 1612 508 tem-

209 560 324 607 pore
346 543 490 590 multa
516 540 741 588 mirabilia
767 540 889 597 fecit,
910 556 1001 604 que
1026 539 1151 586 bono
1175 537 1318 585 modo
1335 537 1500 585 litteris
1519 553 1611 584 non

207 624 400 683 possent
422 617 650 665 mandari.
1602 660 1605 662 .

271 694 516 743 Mediocris
549 700 724 741 stature
756 699 827 740 est
853 699 898 740 et
923 693 1089 740 faciem
1116 691 1255 739 habet
1281 690 1476 747 Tartari,
1505 689 1613 737 bar-

207 774 315 820 bam
345 771 496 818 albam
530 776 575 818 et
598 776 649 818 ut
675 770 945 833 leopardus,
976 769 1082 833 pilis
1109 784 1320 833 sparsam
1342 773 1388 815 et
1411 768 1608 823 claram余

207 849 304 896 sani
340 847 552 911 corporis
590 853 682 902 est,
722 846 804 893 sed
844 863 1033 893 manum
1073 853 1118 893 et
1156 845 1327 909 pedem
1372 844 1613 892 sinistrum

206 925 345 972 habet
369 924 678 987 impotentem
705 928 751 969 et
776 922 884 969 inde
914 939 1079 970 senon
1107 927 1263 985 potest
1288 922 1469 986 juvare,
1507 920 1614 983 quia

207 1002 335 1048 nervi
372 1006 585 1064 tempore
618 1017 699 1047 sue
729 1000 984 1064 juventutis
1016 999 1202 1046 fuerant
1234 998 1280 1045 in
1308 998 1429 1045 bello
1460 997 1609 1044 incisi.

205 1081 328 1125 Bene
363 1077 566 1140 equitat余
597 1077 680 1124 sed
707 1076 990 1139 aliquociens
1022 1076 1068 1122 in
1100 1076 1260 1123 lectica
1293 1091 1399 1122 cum
1430 1073 1615 1121 duobus

206 1155 337 1218 equis
364 1171 414 1201 se
434 1154 539 1201 vehi
560 1153 684 1210 facit,
712 1153 909 1217 stipatus
928 1152 1094 1200 validis
1122 1151 1439 1208 bellatoribus,
1463 1150 1616 1197 taliter

206 1232 334 1294 quod
360 1247 498 1278 nemo
523 1247 662 1278 ausus
687 1236 758 1277 est
783 1231 937 1293 ipsum
963 1230 1342 1293 appropinquare
1368 1228 1454 1275 nisi
1477 1243 1616 1274 voca-

204 1314 298 1355 tus.
317 1310 522 1365 Quatuor
539 1323 711 1354 uxores
731 1307 871 1353 habet
886 1312 932 1353 et
949 1306 1117 1353 multas
1137 1305 1442 1361 concubinas3
1466 1303 1615 1367 major

205 1400 407 1432 uxorum
439 1384 537 1447 ejus
573 1383 658 1430 fuit
691 1399 812 1430 uxor
839 1399 920 1430 seu
953 1383 1044 1429 filia
1076 1381 1373 1445 imperatoris
1399 1384 1615 1428 Tartaro-

204 1478 328 1518 rum,
354 1467 403 1508 ut
430 1461 751 1525 supradictum
777 1467 864 1517 est,
888 1478 979 1524 que
1004 1461 1266 1525 appellatur
1286 1462 1452 1508 Caron.
1474 1458 1614 1506 Multa

204 1554 376 1585 venere
412 1538 558 1585 utitur
583 1543 628 1584 et
653 1537 899 1584 delectatio
930 1537 1029 1601 ejus
1062 1543 1133 1586 est
1157 1554 1346 1601 semper
1371 1553 1473 1584 esse
1506 1552 1611 1582 cum

206 1614 478 1662 mulieribus
499 1620 544 1661 et
562 1630 654 1661 non
673 1631 779 1662 cum
804 1615 1089 1672 hominibus,
1110 1621 1162 1662 ut
1179 1614 1312 1662 multi
1336 1616 1614 1662 Sarraceno-

204 1707 311 1738 rum
337 1691 526 1738 faciunt.

268 1768 428 1815 Plures
450 1767 571 1814 filios
596 1767 756 1814 habuit
777 1774 823 1814 et
839 1767 981 1814 modo
1005 1767 1099 1815 duo
1119 1768 1205 1815 sibi
1227 1773 1408 1815 tantum
1427 1782 1612 1814 reman-

203 1851 382 1892 serunt.
412 1845 554 1909 Major
573 1845 834 1908 appellatur
850 1845 1045 1891 Miranza
1071 1851 1118 1891 et.
1142 1845 1278 1891 etatis
1297 1860 1358 1892 XL
1383 1860 1611 1891 annorum

202 1922 276 1969 vel
302 1921 440 1978 circa,
469 1921 622 1968 minor
647 1937 761 1968 vero
788 1928 1083 1985 nuncupatur
1108 1921 1306 1971 Whatrii
1337 1927 1382 1968 et
1414 1927 1484 1968 est
1517 1926 1613 1967 eta-

202 1998 261 2045 tis
281 1997 378 2062 xxij
399 2014 630 2045 annorum
649 1998 722 2045 vel
742 1998 942 2045 circiter.
966 2002 1144 2045 Nomen
1171 1998 1360 2061 majoris
1382 1997 1613 2060 interpre-

202 2081 328 2122 tatur
352 2077 441 2122 mir
463 2074 590 2138 quod
612 2080 682 2122 est
707 2075 913 2122 dominus
933 2081 979 2122 et
997 2091 1052 2121 za
1073 2074 1199 2138 quod
1221 2080 1293 2122 est
1311 2090 1412 2121 rex.
1434 2076 1612 2120 Nomen

204 2150 393 2198 secundi
429 2151 605 2198 Wharii
642 2151 688 2197 in
729 2151 892 2215 gallico
934 2159 1066 2198 sonat
1109 2152 1250 2214 facies
1286 2152 1426 2214 reqis.
1468 2149 1611 2213 Major

203 2227 324 2274 filius
357 2233 428 2274 est
458 2227 593 2275 valde
623 2243 818 2291 magnus
847 2227 1083 2284 dominus,
1119 2227 1320 2275 liberalis
1352 2233 1396 2274 et
1429 2227 1607 2282 bonus余

204 2310 250 2350 et
276 2309 347 2351 est
372 2309 498 2350 totus
531 2303 816 2351 Christianus
845 2309 892 2350 et
917 2303 1111 2351 nimium
1145 2304 1341 2351 dilectus
1371 2303 1430 2350 ab
1461 2304 1612 2349 omni-

203 2379 308 2436 bus,
332 2379 429 2427 sine
450 2379 539 2426 ulla
559 2378 838 2436 dffferencia,
860 2380 904 2426 in
924 2381 1051 2427 curia
1076 2380 1223 2443 patris
1250 2379 1372 2444 ejus3
1396 2386 1441 2427 et
1461 2379 1604 2426 credi-

202 2462 278 2503 tur
317 2455 444 2518 quod
470 2456 569 2519 ipse
601 2455 767 2503 debeat
795 2457 1022 2504 dominari
1049 2463 1155 2521 post
1187 2457 1430 2504 decessum
1463 2456 1608 2519 patris

203 2532 300 2588 sui余
323 2532 479 2595 ipsum
504 2531 709 2594 perfecte
733 2532 930 2597 diligunt
956 2549 1119 2581 omnes
1146 2533 1406 2589 Christiani,
1431 2533 1604 2580 scilicet

202 2608 365 2655 Latini.
384 2608 481 2672 Iiijor
494 2608 613 2654 filios
629 2614 675 2655 et
689 2608 783 2672 iiijor
799 2625 969 2656 uxores
983 2610 1138 2665 habet,
1161 2625 1357 2672 quarum
1373 2610 1606 2673 antiquior

205 2685 388 2731 nomine
415 2684 619 2732 Canzada
644 2691 713 2732 est
740 2685 797 2732 de
818 2686 959 2733 nobili
984 2702 1155 2750 genere
1182 2686 1475 2748 imperatoris
1495 2690 1604 2733 Tar-

204 2766 412 2808 tarorum
443 2767 488 2808 et
514 2761 598 2808 fuit
628 2777 747 2808 uxor
772 2761 975 2810 defuncti
1008 2763 1164 2810 fratris
1191 2763 1260 2810 sui
1287 2762 1603 2827 primogeniti.
