1941 3294
435 267 805 301 CHRONOGRAPHIA
832 267 985 300 REGUM
1010 265 1290 299 FRANCORUM.
1515 264 1558 300 93

221 346 524 395 Postmodum
561 362 666 394 cum
700 350 790 393 Leo
831 346 1074 394 transisset
1113 351 1159 393 et
1193 345 1327 393 miles
1362 345 1556 393 effectus

155 429 295 480 esset,
324 423 542 471 defuncto
567 422 710 470 fratre
743 439 845 479 suo,
875 422 1047 471 multos
1079 422 1382 487 congregavit
1407 422 1558 469 homi—

155 515 240 547 nes
279 515 518 546 armorum
557 498 899 556 Jannieucium,
939 498 1112 546 scilicet
1153 497 1475 560 Ciprianorum
1511 502 1559 544 et

154 575 368 633 aliorum,
397 575 658 623 hortamine
690 575 932 639 cujusdam
969 573 1127 622 militis
1159 574 1347 621 nomine
1379 573 1558 621 Soherii

155 650 214 698 de
239 653 389 709 Sarto,
419 652 497 714 qui
530 668 637 699 cum
666 668 750 699 suo
777 668 924 699 cuneo
950 658 1240 699 armatorum
1265 650 1313 697 in
1346 650 1559 698 soldariis

154 728 378 775 servierat
419 730 555 775 Petro
591 728 692 792 regi
726 728 875 791 Cipri,
919 728 991 776 cui
1033 727 1228 775 dederat
1271 727 1316 774 in
1360 743 1558 775 uxorem

153 819 284 851 suam
299 810 542 869 cognatam
561 821 850 869 germanam,
870 821 1010 868 quem
1026 804 1167 853 etiam
1183 820 1320 852 suum
1335 802 1560 851 stabilivit

152 880 592 928 conestabularium.
637 884 695 929 Ut
730 887 1031 945 recuperaret
1072 887 1320 944 paternum
1359 895 1558 944 regnum

153 956 292 1004 amita
325 962 372 1004 et
404 957 633 1021 proamita
671 957 963 1005 successione
991 956 1079 1004 sibi
1115 956 1342 1013 debitum,
1377 955 1422 1002 in
1450 958 1561 1003 Tar-

152 1049 256 1081 sum
280 1033 491 1098 ejusdem
508 1034 640 1099 regni
665 1034 901 1082 civitatem
921 1033 1097 1098 regiam
1118 1032 1456 1090 transfretavit,
1479 1032 1559 1080 ubi

151 1109 283 1172 quasi
307 1110 499 1174 angelus
525 1128 550 1157 a
573 1110 842 1160 Christianis
860 1109 980 1157 illius
999 1109 1196 1156 civitatis
1217 1107 1558 1156 habitatoribus

149 1192 367 1250 receptus
404 1193 496 1244 est,
537 1187 752 1235 omnibus
794 1186 1059 1235 Sarracenis
1105 1203 1163 1233 ex
1199 1191 1334 1249 parte
1379 1185 1558 1232 soldani

151 1263 324 1312 ibidem
352 1265 657 1312 existentibus
684 1264 848 1312 occisis
877 1281 930 1312 ac
962 1264 1008 1311 in
1036 1280 1198 1328 regem
1226 1279 1332 1311 cum
1358 1263 1560 1310 maxima

150 1340 298 1389 leticia
317 1347 587 1389 coronatus.

215 1420 312 1465 Hoc
348 1418 559 1475 audiens,
598 1417 818 1465 soldanus
854 1416 1100 1464 confestim
1134 1415 1262 1464 misit
1296 1415 1556 1464 exercitum

151 1510 286 1542 suum
312 1495 370 1542 ad
397 1494 763 1560 expugnandum
792 1510 926 1551 eum;
957 1493 1290 1556 venientesque
1319 1492 1559 1541 Sarraceni

150 1578 256 1621 ante
275 1572 526 1630 civitatem,
558 1577 858 1620 retraxerunt
881 1588 930 1619 se
951 1588 1004 1618 ac
1021 1570 1281 1635 elongando
1301 1569 1554 1627 civitatem,

151 1650 426 1698 dimiserunt
464 1649 579 1697 duas
616 1648 832 1706 insidias,
878 1648 996 1696 sicut
1036 1647 1303 1695 Sarracenis
1341 1663 1445 1694 mos
1486 1651 1557 1693 est

149 1726 317 1775 facere.
348 1726 522 1774 Deinde
543 1725 712 1774 cumin
732 1742 880 1788 parvo
906 1741 1102 1773 numero
1129 1729 1428 1772 recurrerent
1448 1728 1557 1770 ante

150 1803 404 1860 civitatem,
436 1802 835 1850 conestabularius
868 1801 996 1865 ipsos
1038 1801 1251 1849 occidere
1286 1817 1368 1848 seu
1405 1800 1557 1847 saltim

149 1879 311 1943 fugare
331 1895 525 1942 sperans
551 1894 658 1925 cum
685 1877 950 1925 hominibus
977 1893 1216 1924 armorum
1248 1876 1325 1939 qui
1353 1881 1484 1923 erant
1510 1875 1557 1922 in

149 1955 351 2013 civitate,
375 1955 497 2003 otius
523 1955 635 2002 exiit
661 1971 713 2002 ac
733 1959 1006 2018 persecutus
1025 1960 1096 2001 est
1117 1970 1197 2001 eos
1217 1969 1366 2017 usque
1384 1952 1443 2000 ad
1459 1953 1557 2016 pri-

149 2048 279 2080 mum
304 2032 458 2080 locum
486 2031 776 2087 insidiarum,
806 2030 1120 2094 audacterque
1145 2029 1426 2094 aggrediens
1453 2045 1552 2086 eos,

150 2109 396 2157 confestim
420 2108 592 2157 devicit
613 2125 694 2156 eos
721 2114 766 2156 et
792 2108 990 2173 fugavit3
1014 2123 1216 2170 cumque
1233 2106 1354 2154 ultra
1374 2108 1557 2171 fugaret

149 2201 246 2242 eos,
277 2201 526 2250 aggressus
543 2190 614 2232 est
630 2184 688 2232 ab
706 2184 794 2232 illis
815 2185 895 2248 qui
917 2184 1123 2232 secundo
1142 2184 1245 2231 loco
1271 2183 1556 2230 insidiaban-

149 2267 227 2309 tur
258 2268 303 2309 et
331 2267 496 2325 captus
522 2278 630 2309 cum
657 2261 875 2309 omnibus
907 2261 1021 2308 suis.
1052 2263 1151 2318 Quo
1178 2260 1300 2307 facto
1327 2265 1556 2307 venerunt

151 2339 392 2388 Sarraceni
419 2345 523 2386 ante
552 2339 786 2386 civitatem
810 2344 856 2385 et
882 2344 1098 2402 potenter
1117 2337 1406 2385 obsederunt
1430 2352 1550 2384 eam.

215 2419 340 2463 Tunc
367 2415 623 2480 burgenses
646 2415 926 2463 accederunt
951 2415 1010 2463 ad
1032 2431 1191 2479 regem
1219 2414 1277 2461 ad
1298 2413 1555 2460 videndum

150 2492 262 2556 quid
295 2492 458 2540 facturi
493 2498 665 2550 essent,
695 2492 987 2555 requirentes
1018 2492 1244 2539 instanter
1279 2490 1378 2555 ejus
1405 2490 1557 2537 consi-

151 2570 279 2618 lium.
306 2573 362 2618 Et
391 2586 476 2617 rex
502 2570 582 2634 qui
608 2569 784 2617 nullum
816 2569 1034 2634 sperabat
1060 2569 1427 2618 Christianorum
1455 2584 1559 2615 suc-

151 2663 357 2704 cursum,
389 2647 552 2695 videns
578 2646 705 2709 quod
739 2646 818 2695 diu
850 2654 1010 2695 tenere
1035 2647 1273 2694 civitatem
1308 2662 1400 2692 non
1433 2645 1559 2692 vale-

152 2729 258 2772 rent
286 2729 448 2772 contra
481 2725 845 2772 Sarracenorum
877 2724 1225 2773 multitudinem
1254 2728 1429 2770 tantam
1462 2728 1557 2769 tam
