1941 3294
191 272 295 318 1384]
464 272 834 306 CHRONOGRAPHIA
858 272 1011 305 REGUM
1037 271 1317 305 FRANGORUM.
1545 269 1588 306 63

189 352 411 400 auxillum
436 350 641 399 retinuit.
668 354 810 398 Erant
836 349 960 396 enim
984 349 1107 396 mille
1133 349 1385 413 octingenti
1410 349 1590 411 equites

189 435 236 476 et
267 428 467 476 habebat
496 443 584 491 pro
614 442 774 473 mense
808 442 892 473 sex
924 426 1046 472 milia
1077 426 1380 473 florenorum.
1415 425 1591 472 Deinde

188 504 406 552 dominus
425 502 666 552 Couchiaci
691 502 804 550 abiit
823 508 929 550 ante
948 502 1201 566 quamdam
1220 501 1378 548 villam
1403 500 1481 548 ubi
1505 516 1592 563 per

187 587 375 644 tempus
399 580 574 643 aliquot
598 585 807 626 moratus
832 586 929 636 est3
956 579 1046 628 illic
1077 578 1203 626 enim
1234 577 1367 625 multi
1398 577 1456 624 de
1489 577 1593 640 plu-

186 657 317 704 ribus
343 655 606 704 civitatibus
630 655 938 713 advenerunt,
961 656 1083 702 inter
1102 671 1222 718 quos
1247 653 1376 701 affuit
1401 652 1593 716 quidam

186 733 428 796 Anglicus,
466 731 653 779 nomine
682 732 915 780 ‚lohannes
945 730 1202 788 Haucout¹‚
1234 729 1506 793 capitaneus
1534 729 1593 775 de

186 809 449 865 Florencia3
489 808 550 855 ibi
591 807 715 855 enim
748 809 1076 855 concluserunt
1108 812 1161 854 ut
1190 807 1314 854 irent
1346 805 1593 853 obsessum

186 885 428 932 Aretinum
458 901 549 947 que
580 889 681 931 erat
713 884 904 932 domino
929 884 1117 940 Karolo‚
1147 883 1278 947 cujus
1302 882 1392 930 loci
1416 881 1592 945 capita-

186 978 302 1008 neus
350 966 451 1008 erat
499 960 691 1031 quidam
738 961 897 1008 valens
948 961 1106 1018 miles,
1159 960 1346 1007 nomine
1395 958 1594 1007 Jacobus

186 1037 417 1085 Garache2
431 1055 442 1094 ;
470 1043 517 1085 et
542 1038 782 1085 venientes
807 1043 914 1085 ante
938 1037 1200 1094 Aretinum‚
1229 1037 1520 1083 intraverunt
1545 1034 1593 1080 in

185 1131 289 1161 eam
319 1114 452 1162 multi
487 1114 699 1162 homines
732 1130 974 1162 armorum
1007 1130 1094 1177 per
1125 1113 1271 1161 scalas
1305 1119 1351 1159 et
1382 1128 1485 1160 eam
1518 1111 1593 1157 illa

185 1189 260 1237 die
286 1196 528 1253 ceperunt,
557 1190 943 1253 intraveruntque
968 1189 1016 1236 in
1041 1205 1145 1236 eam
1170 1188 1348 1236 domini
1373 1188 1431 1235 de
1457 1203 1592 1234 exer-

185 1267 278 1314 citu
319 1267 451 1329 quasi
493 1283 600 1314 cum
640 1267 805 1314 decem
845 1267 1032 1314 milibus
1070 1266 1201 1313 viris.
1246 1269 1297 1313 In
1337 1265 1592 1312 crastinum

186 1359 300 1390 vero
342 1349 569 1407 ceperunt
616 1343 894 1391 civitatelam
942 1359 1029 1406 per
1070 1342 1271 1390 assultus
1319 1357 1590 1398 armorum3

184 1419 316 1483 cujus
341 1420 581 1467 castellum
607 1436 701 1467 non
727 1425 955 1483 ceperunt
985 1419 1093 1482 quia
1125 1429 1224 1467 erat
1250 1435 1420 1482 magne
1451 1417 1594 1465 resis-

184 1496 336 1543 tencie
385 1513 672 1560 quamquam
719 1496 875 1560 ipsum
924 1496 1218 1544 obsedissent
1257 1496 1409 1559 spatio
1450 1497 1592 1542 trium

184 1573 433 1621 mensium.
471 1573 538 1621 Ibi
568 1574 694 1621 enim
729 1574 992 1621 habuerunt
1022 1590 1145 1620 nova
1180 1573 1240 1622 de
1275 1578 1428 1620 morte
1461 1572 1594 1620 ducis

183 1649 474 1713 Andegavie3
497 1649 616 1697 bene
639 1650 900 1698 contristati
924 1655 1034 1697 sunt
1051 1649 1186 1696 valde
1211 1654 1257 1696 et
1281 1648 1455 1696 reverti
1482 1665 1594 1713 pro-

184 1728 492 1789 posueruntss.

233 1861 266 1895 1.
290 1862 341 1896 Ge
363 1859 442 1896 doit
462 1861 542 1896 etre
562 1860 662 1895 Jean
687 1859 942 1906 Hawffivood,
964 1859 1186 1896 aventurier
1215 1859 1364 1907 anglais
1394 1859 1458 1906 qui
1488 1870 1594 1895 com-

183 1918 358 1954 mandait
378 1930 427 1954 en
445 1918 557 1955 Italie
577 1929 654 1954 une
674 1924 809 1965 troupe
824 1918 869 1954 de
885 1929 981 1965 gens
996 1917 1159 1954 d’armes
1181 1929 1334 1955 connue
1349 1929 1438 1955 sous
1453 1919 1488 1955 le
1503 1929 1595 1955 nom

183 1977 229 2013 de
247 1991 263 2010 «
279 1977 316 2012 la
330 1977 558 2024 compagnie
578 1977 755 2013 blanche.
776 1991 791 2011 ιι
809 1977 841 2012 Il
856 1977 958 2013 avait
979 1977 1121 2024 epouse
1136 1988 1223 2014 vers
1240 1977 1329 2014 1377
1346 1989 1423 2014 une
1436 1977 1595 2014 batarde

183 2036 229 2072 de
250 2036 430 2072 Bernabo
453 2036 645 2082 Visconffi,
669 2037 825 2083 appelee
855 2036 1041 2073 Donnina
1062 2036 1254 2073 visconti.
1278 2037 1311 2072 Il
1333 2036 1594 2073 commandait

184 2095 338 2131 l'armee
359 2095 405 2131 de
426 2095 632 2140 Florence;
654 2095 768 2142 mais,
789 2106 858 2142 par
879 2095 979 2131 suite
1000 2095 1091 2131 d’un
1111 2096 1260 2132 artifice
1280 2095 1480 2143 politique,
1496 2096 1524 2131 il
1539 2096 1595 2131 fut

185 2155 369 2201 congedie
390 2156 468 2191 afin
487 2155 533 2191 de
552 2156 714 2202 pouvoir
735 2155 949 2192 combattre
969 2155 1064 2191 dans
1086 2156 1142 2191 les
1163 2166 1281 2203 rangs
1304 2155 1350 2192 de
1371 2156 1529 2192 Charles
1549 2156 1594 2192 de

185 2217 360 2253 Durazzo
389 2223 523 2253 contre
553 2219 588 2253 le
618 2217 693 2254 sire
721 2217 767 2253 de
795 2217 937 2264 Coucy,
965 2227 1040 2264 que
1070 2218 1126 2253 les
1152 2217 1375 2254 Florentius
1405 2217 1595 2254 n'osaient

184 2275 396 2312 combattre
418 2286 468 2311 en
489 2275 586 2311 face.

232 2334 266 2370 2.
289 2334 341 2370 Le
363 2334 554 2381 capitaine
569 2333 750 2371 d’Arezzo
769 2346 866 2382 pour
885 2335 1044 2372 Charles
1058 2335 1103 2371 de
1119 2335 1294 2372 Durazzo
1316 2334 1409 2371 etait
1427 2335 1596 2382 Jacques

185 2392 421 2428 Caracciolo.
442 2393 497 2428 La
525 2393 631 2439 place
659 2393 715 2429 fut
741 2395 935 2441 emportee
957 2394 1053 2430 dans
1074 2395 1110 2430 la
1130 2394 1215 2430 nuit
1236 2394 1285 2430 du
1307 2395 1351 2430 28
1373 2406 1420 2430 au
1441 2394 1485 2430 29
1509 2405 1595 2441 sep-

185 2451 333 2488 tembre
357 2452 466 2495 13ssst
490 2453 544 2487 les
565 2451 788 2489 defenseurs
817 2459 955 2500 purent
984 2465 1023 2490 se
1055 2454 1193 2490 retirer
1213 2454 1309 2490 dans
1330 2465 1405 2489 une
1426 2458 1527 2489 sorte
1549 2453 1595 2490 de

185 2511 316 2558 sertin,
332 2511 418 2547 d'ou
434 2511 481 2547 ils
497 2511 680 2548 sortirent
696 2512 728 2548 le
745 2514 764 2549 5
779 2513 988 2550 novembre
1005 2518 1056 2559 (et
1071 2524 1148 2550 non
1163 2525 1230 2560 pas
1246 2514 1340 2550 trois
1354 2513 1452 2550 mois
1469 2514 1595 2560 apres,

185 2581 336 2607 comme
365 2570 392 2606 il
420 2576 478 2607 est
504 2570 558 2607 dit
579 2571 657 2618 ici),
679 2573 807 2619 quand
828 2573 1014 2610 Florence
1036 2579 1102 2610 eut
1123 2573 1257 2621 aequis
1278 2573 1426 2609 Arezzo
1447 2573 1496 2608 du
1518 2572 1593 2608 sire

186 2630 231 2666 de
252 2629 398 2678 Coucy,
420 2641 494 2677 que
510 2631 548 2666 la
575 2636 675 2667 mort
704 2631 754 2668 du
783 2632 856 2670 duc
885 2633 1052 2680 d’Anjou
1082 2633 1265 2681 obligeait
1284 2633 1306 2668 a
1327 2643 1367 2669 se
1389 2632 1525 2669 retirer
1544 2642 1592 2668 en

187 2690 275 2725 hate
298 2689 493 2736 (Durrieu,
513 2694 587 2725 art.
610 2692 690 2735 cite',
712 2702 748 2738 p.
773 2692 867 2737 186).

234 2748 264 2783 3.
290 2747 342 2783 Le
370 2747 445 2782 sire
473 2747 518 2783 de
547 2748 691 2796 Coucy,
715 2755 891 2786 rentrant
920 2761 968 2786 en
997 2751 1158 2795 France,
1182 2751 1275 2787 &tait
1304 2750 1326 2786 ἐι
1354 2750 1527 2798 Bologne
1557 2750 1592 2786 le

187 2805 231 2842 25
253 2805 453 2842 decembre
471 2805 574 2842 1384.
