1941 3294
215 293 320 339 1396]
483 294 854 327 CHRONOGRAPHIA
879 293 1032 326 REGUM
1056 291 1336 324 FRANCORUM.
1549 288 1614 325 133

280 377 444 421 Postea
473 371 600 419 idem
630 385 715 417 rex
735 370 910 437 'Anglie
942 368 1246 432 desponsavit
1270 368 1444 415 dictam
1474 368 1617 416 Elisa-

214 448 327 496 beth
373 448 491 495 infra
540 445 773 495 Kalesium
814 446 860 493 in
910 445 1102 493 ecclesia
1146 444 1421 508 parrochiali
1465 445 1618 492 Sancti

215 523 459 580 Nicholai¹‚
496 522 574 570 ubi
606 521 839 569 affuerunt
875 521 1016 569 duces
1047 520 1238 576 Biturie,
1273 520 1540 584 Burgundie
1573 526 1619 567 et

214 601 448 649 Britannie
468 616 526 648 cx
552 605 685 662 parte
709 598 834 663 regis
858 598 1073 654 Francie3
1102 597 1268 645 eodem
1295 614 1406 661 rege
1426 614 1482 644 eo
1507 603 1618 645 tunc

214 694 321 725 cum
346 676 503 724 multis
529 674 836 740 principibus,
870 675 1062 738 prelatis
1095 681 1142 722 et
1172 674 1428 723 innumeris
1463 674 1620 721 militi-

215 754 325 809 bus,
373 753 609 814 fratreque
656 751 974 799 Aurelianensi
1013 757 1059 798 et
1100 757 1268 814 patruo
1313 749 1620 798 Borboniensi

214 829 410 878 ducibus
427 829 473 876 in
493 831 660 876 Sancto
685 828 954 876 Audomaro
974 828 1218 876 existente.
1243 830 1357 876 Cum
1377 843 1488 891 rege
1505 844 1619 874 vero

213 907 378 971 Anglie
409 912 541 953 erant
572 911 669 953 tres
703 907 859 970 patrui
891 905 991 969 ejus
1021 922 1081 952 ex
1118 911 1250 969 parte
1289 904 1451 967 patris,
1492 903 1621 951 vide-

212 983 319 1031 licet
351 982 700 1039 Lincestrensis,
742 981 1048 1029 Eboracensis
1090 987 1136 1028 et
1180 980 1621 1029 Claudiocestrensis

214 1059 375 1116 duces,
417 1059 611 1106 comites
648 1058 945 1106 Herbicensis
976 1065 1023 1105 et
1062 1057 1120 1105 de
1154 1057 1413 1106 Rotheland
1454 1074 1621 1104 conso-

213 1134 335 1182 brini
361 1135 477 1199 ejus,
508 1134 745 1197 fraterque
770 1133 869 1198 ejus
889 1140 936 1180 et
961 1150 1125 1197 nepos,
1156 1133 1350 1180 comites
1376 1133 1622 1180 Hontinto-

213 1209 370 1257 nensis
390 1216 437 1257 et
456 1209 515 1257 de
535 1213 716 1268 Quento
736 1225 844 1256 cum
867 1209 1155 1272 prelatorum
1175 1225 1228 1255 ac
1248 1207 1445 1256 aliorum
1464 1209 1622 1272 Angli-

214 1303 438 1335 canorum
482 1288 678 1334 heroum
722 1293 861 1349 atque
902 1286 1102 1333 militum
1145 1285 1366 1332 comitatu
1408 1286 1617 1348 copiosa

213 1364 395 1428 Nuptiis
420 1363 575 1427 itaque
600 1363 645 1409 in
671 1363 855 1426 prefato
881 1362 1050 1410 Kalesii
1077 1368 1230 1409 castro
1257 1362 1545 1409 sollemniter
1570 1380 1623 1409 ac

214 1440 432 1505 regaliter
462 1440 724 1497 celebratis,
756 1456 839 1487 rex
873 1439 1132 1487 Richardus
1172 1439 1402 1502 accipiens
1439 1439 1623 1502 predic-

213 1524 308 1565 tam
334 1532 532 1565 uxorem
559 1533 692 1564 suam
718 1533 824 1564 cum
847 1516 943 1563 suis
964 1516 1010 1562 in
1037 1516 1252 1580 Angliam
1273 1515 1470 1563 navibus
1489 1532 1623 1563 reve-

213 1593 338 1640 hitur
367 1600 413 1640 et
445 1609 529 1641 rex
561 1595 864 1649 Francorum,
902 1591 1117 1648 Karolus,
1157 1591 1368 1639 similiter
1394 1608 1501 1639 cum
1528 1592 1624 1639 suis

213 1671 260 1717 in
292 1670 531 1718 Franciam
564 1669 832 1716 revertitur.
872 1671 1071 1732 Propter
1111 1668 1236 1716 istud
1273 1667 1623 1716 matrimonium

214 1746 403 1794 collecta
431 1752 502 1794 est
524 1762 613 1793 una
640 1746 780 1793 taillia
805 1762 891 1809 per
917 1752 1068 1792 totum
1089 1761 1289 1809 regnum
1316 1745 1552 1792 Francie‘2.

278 1822 455 1870 Eodem
496 1823 758 1885 tempore3‚
805 1838 962 1869 comes
1001 1821 1322 1877 Nivernensis‚
1366 1821 1619 1877 Johannes,

215 1899 555 1963 primogenitus
581 1898 796 1962 Philippi,
832 1898 1100 1962 Burgundie
1127 1897 1259 1945 ducis
1285 1904 1332 1945 et
1357 1914 1623 1962 prememo-

214 1976 302 2023 rati
329 1975 505 2023 domini
525 1975 604 2038 qui
626 1991 731 2022 cum
750 1991 806 2022 eo
827 1981 976 2031 erant,
1001 1974 1175 2022 scilicet
1193 1991 1352 2022 comes
1378 1974 1619 2031 Aucensis,

264 2118 297 2153 1.
319 2117 372 2153 Le
390 2116 561 2164 mariage
583 2121 647 2152 eut
666 2116 742 2152 lieu
763 2116 785 2152 a
806 2115 934 2152 Calais
954 2116 989 2152 le
1009 2116 1029 2152 4
1052 2115 1261 2153 novembre
1283 2115 1374 2153 1396
1402 2117 1623 2162 (Chronique

215 2177 266 2212 du
287 2177 472 2221 Reliqieuoe
491 2177 532 2211 de
551 2176 816 2221 Saint-Denys‚
837 2181 864 2211 t.
888 2174 940 2220 II,
961 2187 996 2222 p.
1020 2175 1116 2222 471).

262 2234 297 2271 2.
321 2235 528 2279 Chronique
547 2236 596 2270 cla
618 2235 803 2280 Reziyieuoe
823 2236 864 2270 de
884 2235 1147 2280 Stant-Deum,
1172 2239 1197 2270 t.
1223 2234 1273 2280 II,
1296 2245 1331 2281 p.
1356 2235 1436 2271 414.

264 2294 298 2330 3.
323 2293 398 2329 Sur
419 2293 456 2329 la
477 2293 650 2329 croisade
679 2293 725 2329 de
746 2293 959 2340 Nicopolis,
989 2304 1039 2330 on
1065 2298 1157 2340 peut
1183 2293 1381 2330 consulter
1402 2294 1438 2330 Ia
1460 2295 1624 2331 relation

217 2353 262 2390 de
289 2353 389 2388 dean
419 2352 703 2399 Schildberger‚
733 2352 799 2400 qui
831 2353 887 2389 fut
908 2353 988 2400 pris
1016 2363 1085 2399 par
1111 2353 1165 2389 les
1198 2353 1345 2400 Turcs,
1379 2364 1426 2389 au
1461 2354 1625 2401 pouvoir

217 2412 395 2459 desquels
421 2411 446 2447 il
468 2411 562 2447 etait
587 2422 726 2448 encore
749 2411 879 2459 quand
905 2412 1114 2448 Tamerlan
1141 2413 1329 2459 s’empara
1356 2412 1377 2448 a
1396 2413 1433 2448 la
1459 2413 1530 2449 fois
1557 2413 1623 2448 des

219 2471 381 2518 geoliers
400 2475 437 2506 et
457 2469 502 2505 de
523 2470 604 2505 leur
623 2469 853 2516 prisonnier.
876 2490 920 2496 —
936 2470 997 2506 On
1013 2481 1262 2517 remarquera
1283 2480 1374 2507 avec
1396 2470 1538 2506 interet
1558 2470 1624 2506 des

217 2529 328 2566 traits
349 2529 394 2565 de
414 2528 697 2565 ressemblance
719 2528 894 2565 evidente
915 2535 1024 2566 entre
1047 2530 1082 2565 la
1104 2529 1267 2566 relation
1281 2529 1328 2565 de
1344 2530 1378 2564 la
1395 2531 1624 2575 Chronoyra-

214 2589 307 2634 phia
334 2598 429 2634 pour
455 2597 518 2623 ces
545 2587 795 2622 evenements
822 2593 859 2623 et
879 2587 975 2623 celle
996 2587 1046 2622 du
1068 2589 1170 2623 Livre
1195 2589 1252 2623 des
1272 2589 1381 2633 faz'cts
1406 2588 1455 2622 du
1482 2598 1622 2623 marcs-

219 2647 302 2682 chal
319 2648 360 2681 de
381 2648 576 2682 Boucicaut
598 2644 822 2683 (Collection
847 2646 1004 2691 Petitot,
1025 2652 1052 2681 t.
1070 2646 1140 2690 Vl,
1163 2658 1197 2693 p.
1216 2647 1283 2682 445
1299 2647 1320 2681 a
1335 2646 1430 2691 448).
1454 2645 1552 2681 Mais
1573 2658 1623 2682 on

220 2709 453 2750 constatera,
476 2716 524 2741 cn
545 2704 671 2740 meme
692 2708 828 2751 temps,
851 2704 1029 2740 combicn
1049 2705 1083 2740 lc
1107 2704 1201 2741 recit,
1221 2704 1267 2740 de
1289 2715 1331 2740 ce
1360 2704 1497 2740 second
1522 2711 1623 2742 texte

220 2769 279 2800 est
299 2764 484 2801 inferieur
504 2763 526 2799 ἐι
547 2763 648 2800 celui
668 2762 782 2810 qu’on
801 2763 927 2810 publie
949 2763 1011 2799 ici.
