1941 3294
304 265 372 302 230
576 264 944 299 CHRONOGRAPHIA
970 262 1123 293 REGUM
1146 261 1425 294 FRANGORUM.
1486 257 1705 303 [1403-1404

303 350 436 409 parte
453 344 551 408 ejus
569 343 746 390 dudum
767 340 967 388 Parisius
987 338 1169 400 prefato
1190 338 1289 402 regi
1309 337 1441 384 factis
1465 342 1509 383 et
1530 337 1588 383 de
1605 337 1707 399 qui-

302 421 390 468 bus
420 420 548 467 idem
573 419 686 475 dux,
716 418 831 465 sicut
855 415 1032 462 dictum
1064 421 1134 461 est
1162 414 1395 477 superius,
1424 412 1563 460 velud
1592 413 1707 460 fide-

297 498 454 562 jussor
473 513 523 546 se
549 496 720 543 fecerat
746 494 933 547 fortem,
958 496 1146 554 accepta
1172 489 1495 538 benedictione
1519 493 1706 551 aposto-

300 574 386 621 lica
425 573 658 629 recessit1,
693 576 739 618 et
776 584 943 632 parum
974 573 1080 614 ante
1110 568 1281 614 festum
1317 565 1488 612 Natalis
1525 563 1706 611 Domini

301 649 537 713 sequentis
572 648 630 695 ad
666 647 839 694 dictum
868 660 1047 708 regem,
1088 643 1280 690 fratrem
1316 658 1469 696 suum,
1505 640 1706 688 Parisius

300 726 438 773 rediit
458 731 506 773 et
524 724 692 778 eidem,
718 726 937 785 presente
958 737 1043 767 suo
1063 719 1271 775 consilio,
1296 718 1493 765 ducibus
1513 716 1702 773 Bsturie,

299 801 586 866 Burgundie,
604 798 852 854 Borbonie,
870 796 1102 844 Britannie
1116 802 1162 843 et
1179 795 1391 859 pluribus
1412 793 1511 841 aliis
1528 792 1708 857 magnis

298 879 412 925 viris
445 877 584 924 etiam
613 873 950 929 ecclesiasticis,
984 872 1188 936 prefatas
1218 871 1497 935 apostolicas
1531 870 1708 917 litteras

298 954 507 1009 tradidit,
532 954 652 999 inter
678 957 832 998 cetera
858 949 1149 997 continentes
1176 948 1302 1011 quod
1325 948 1427 1010 ipse
1452 950 1575 1010 Papa
1597 946 1709 993 offe-

298 1031 430 1078 rebat
454 1046 503 1076 se
528 1044 781 1091 procurare
805 1026 1033 1075 Unionem
1053 1025 1195 1072 totius
1215 1023 1489 1072 universalis
1506 1022 1708 1070 Ecclesie

299 1114 345 1155 et
365 1124 452 1170 pro
481 1106 553 1153 illa
576 1104 807 1160 habenda,
840 1104 878 1150 si
905 1120 1026 1166 opus
1059 1102 1214 1157 fuerit,
1251 1100 1437 1147 volebat
1464 1099 1631 1147 cedere
1662 1104 1708 1145 et

301 1183 527 1247 quidquid
561 1182 712 1229 facere
738 1179 864 1244 quod
891 1178 1113 1243 expedire
1140 1177 1377 1225 videbitur
1402 1175 1594 1223 consilio
1625 1191 1707 1223 sue

301 1259 590 1307 obediencie.

364 1340 510 1384 Porro
547 1335 606 1382 ad
647 1333 859 1397 ejusdem
888 1332 1020 1379 ducis
1050 1329 1389 1379 Aurelianensis
1418 1328 1704 1393 exemplum²

300 1429 455 1460 comes
481 1411 633 1460 Sancti
658 1409 782 1457 Pauli
810 1408 935 1456 misit
966 1408 1144 1455 litteras
1173 1406 1434 1455 diffidencie
1465 1406 1523 1453 ad
1550 1405 1705 1470 prefa-

303 1496 400 1536 tum
426 1487 718 1543 Henrricum,
751 1501 911 1549 regem
941 1484 1121 1548 Anglie,
1153 1499 1351 1546 quarum
1377 1488 1512 1530 tenor
1538 1481 1707 1529 dicitur

300 1582 402 1613 esse
426 1564 557 1612 talis·2
589 1580 598 1609 :
634 1581 654 1605 ι(
685 1562 817 1609 Alme
843 1561 1061 1624 princeps
1087 1566 1134 1606 et
1155 1566 1340 1623 potens,
1365 1559 1578 1615 Henrice,
1609 1558 1706 1605 dux

304 1660 323 1685 <x
355 1639 622 1694 Lincastrie,
653 1654 741 1702 ego
769 1636 1048 1685 Walrandus
1081 1636 1139 1683 de
1165 1635 1514 1699 LuxemburgO,
1550 1650 1708 1682 comes

350 1800 381 1834 1.
406 1798 458 1834 Le
482 1798 524 1833 15
543 1796 698 1844 janvier
720 1796 809 1832 1404
832 1795 882 1840 (n.
911 1796 993 1836 st.);
1023 1794 1058 1829 le
1087 1792 1161 1829 duc
1191 1793 1318 1829 arriva
1344 1792 1366 1827 a
1393 1792 1502 1828 Paris
1529 1797 1646 1829 avant
1672 1792 1708 1829 le

302 1858 343 1893 14
373 1856 514 1892 fevrier
540 1856 659 1901 (Ibid.‚
688 1866 726 1901 p.
755 1854 851 1900 303).
884 1854 936 1889 Le
964 1852 1171 1899 Religieux
1197 1851 1243 1887 de
1271 1850 1540 1898 Saint-Denys
1566 1851 1607 1895 (t.
1635 1850 1708 1898 ΠΙ,

299 1927 335 1962 p.
354 1915 433 1961 128)
449 1914 547 1949 n'est
562 1924 630 1960 pas
650 1913 736 1959 plus
757 1918 870 1948 exact
891 1922 963 1958 que
984 1911 1021 1946 la
1041 1910 1344 1955 Glzronoqraphz'a
1364 1908 1493 1956 quand
1513 1908 1541 1943 il
1560 1908 1615 1944 dit
1634 1919 1707 1956 que

300 1973 334 2008 le
361 1972 460 2008 frere
491 1972 542 2007 du
564 1970 621 2007 roi
641 1975 773 2006 rentra
793 1969 814 2004 ἐι
835 1969 944 2005 Paris
965 1979 1051 2004 vers
1078 1969 1115 2003 la
1144 1968 1196 2003 fin
1223 1967 1269 2003 de
1296 1967 1447 2003 fevrier.
1469 1967 1522 2002 Le
1544 1966 1639 2003 recit
1662 1967 1708 2003 de

301 2030 526 2067 Monstrelet
547 2035 606 2065 est
627 2029 909 2065 extremement
932 2027 1058 2064 voisin
1085 2026 1131 2063 de
1159 2026 1259 2063 celui
1285 2037 1359 2073 que
1382 2025 1590 2073 J’imprime
1613 2027 1653 2072 (t.
1675 2025 1707 2074 Ι,

301 2102 336 2138 p.
360 2090 432 2133 93).
1504 2121 1507 2123 a

347 2150 380 2185 2.
399 2148 624 2184 Monstrelet
642 2152 679 2192 (t.
694 2147 724 2191 Ι,
740 2158 777 2193 p.
795 2147 849 2190 67)
866 2145 993 2182 donne
1008 2156 1057 2181 en
1071 2144 1237 2192 franceis
1252 2145 1288 2180 le
1303 2149 1407 2180 texte
1421 2144 1467 2180 de
1483 2149 1581 2180 cette
1596 2144 1709 2181 lettre

300 2208 345 2244 de
366 2208 459 2249 defi;
489 2218 531 2242 sa
556 2206 710 2242 version
737 2205 910 2242 contient
938 2204 1038 2240 deux
1065 2214 1216 2240 erreurs
1238 2203 1461 2251 grossiores.
1489 2203 1655 2239 D'abord
1680 2203 1707 2239 il

300 2266 394 2302 ecrit
411 2278 417 2300 ε
437 2279 451 2298 <1
470 2264 661 2301 VValeran
681 2263 727 2299 de
743 2263 1030 2309 Luxembourg,
1046 2270 1157 2299 conte
1180 2262 1224 2298 de
1246 2263 1436 2307 Haynnau
1457 2268 1494 2298 et
1514 2261 1560 2297 de
1576 2261 1702 2297 Saint-

303 2338 317 2358 «ι
344 2324 423 2360 Pol.
442 2338 458 2357 »
481 2323 643 2359 Ensuite
658 2322 683 2358 il
698 2322 784 2358 date
806 2322 843 2357 la
863 2322 973 2357 lettre
996 2332 1043 2357 en
1066 2332 1129 2357 ces
1151 2327 1293 2357 termes
1315 2333 1322 2356 ε
1349 2334 1363 2354 α
1385 2320 1524 2357 Βοηῐιό
1545 2331 1594 2356 en
1613 2331 1706 2357 mon

304 2396 317 2416 a
342 2382 489 2418 chastel
509 2381 554 2416 de
576 2379 859 2426 Luxembourg.
884 2392 900 2412 »
923 2378 1085 2415 Chacun
1111 2378 1184 2414 sait
1203 2390 1276 2425 que
1297 2378 1436 2425 jamais
1457 2378 1492 2414 le
1514 2383 1638 2414 comte
1659 2377 1705 2414 de

303 2439 506 2476 Saint-Pol
532 2439 595 2475 n’a
620 2438 780 2485 possed&
815 2437 1099 2483 Luxembourg.
1134 2437 1250 2472 Enfin
1283 2437 1509 2473 Monstrelet
1542 2436 1706 2473 formule

302 2499 400 2534 ainsi
427 2499 463 2534 la
481 2498 567 2534 date
594 2497 644 2533 du
674 2503 799 2543 temps
823 2509 830 2531 2
857 2510 872 2529 «
896 2497 948 2531 Le
972 2504 1011 2531 xe
1027 2497 1116 2543 jour
1137 2496 1182 2532 de
1211 2497 1351 2532 fevrier
1376 2496 1452 2532 l’an
1477 2495 1546 2531 mil
1571 2500 1706 2542 quatre

305 2571 320 2589 «
344 2568 435 2592 cens
455 2563 492 2593 et
512 2556 627 2592 deux.
652 2569 667 2588 »
695 2555 762 2599 Or,
790 2555 817 2590 il
840 2554 983 2590 semble
1012 2554 1100 2590 bien
1130 2565 1203 2601 que
1232 2559 1330 2590 cette
1357 2553 1443 2590 date
1471 2553 1543 2589 soit
1563 2553 1704 2589 fausse.

303 2616 355 2651 Le
379 2616 582 2662 Religieux
603 2615 649 2651 de
670 2614 938 2660 Saint-Denys
959 2618 998 2658 (t.
1020 2614 1089 2659 HI,
1106 2625 1141 2660 p.
1166 2613 1245 2660 116)
1273 2613 1327 2649 dit
1357 2624 1429 2660 que
1455 2612 1490 2648 le
1511 2618 1636 2648 comte
1657 2611 1704 2647 de

305 2673 503 2710 Saint-Pol
523 2684 674 2721 envoya
694 2684 764 2709 son
793 2672 865 2708 defi
889 2685 904 2705 «
933 2677 1069 2708 exacto
1095 2683 1230 2708 mense
1263 2670 1505 2719 septembris,
1529 2684 1545 2704 »
1570 2680 1612 2707 ce
1633 2681 1707 2717 que

306 2733 487 2768 confirme
510 2744 603 2769 avec
625 2731 817 2778 precision
838 2735 945 2767 notre
966 2736 1085 2767 texte.
