1941 3294
299 320 343 357 ‘26
569 321 936 356 GHRONOGRAPHIA
962 319 1115 352 REGUM
1138 317 1415 351 FRANCORUM.
1585 312 1692 360 [1382

296 401 497 450 inclusos
521 401 567 449 in
594 400 857 449 carceribus
890 396 1096 461 episcopi
1117 396 1367 444 liberantes
1391 412 1401 441 z
1434 394 1555 442 inter
1574 411 1692 457 quos

294 478 516 527 liberatus
542 484 611 525 est
636 481 769 541 Hugo
794 473 1022 530 Aubrioti,
1046 473 1125 536 qui
1150 478 1257 536 post
1282 471 1353 519 sui
1372 470 1693 519 liberationem

296 571 512 619 egressus
538 560 608 601 est
633 553 692 600 de
718 549 945 600 civitate1.

360 635 564 693 Vespere
583 635 754 684 autem,
778 628 824 674 in
844 625 992 673 noctis
1017 624 1263 688 principio,
1286 622 1397 670 dicti
1418 622 1695 669 Parisienses

297 722 403 754 cum
450 705 624 753 malleis
659 704 753 752 suis
793 702 1007 749 abierunt
1041 700 1101 747 ad
1143 702 1354 747 Sanctam
1395 698 1691 754 Genovefam,

298 782 377 830 ubi
405 782 551 830 eciam
581 781 736 828 fractis
768 776 1049 832 carceribus,
1089 792 1253 823 omnes
1285 775 1458 823 ibidem
1493 774 1696 821 incarce-

300 865 426 905 ratos
444 858 772 905 liberaverunt.
793 859 918 902 Inter
935 869 1054 916 quos
1076 852 1345 900 incarcerati
1370 857 1501 898 erant
1521 850 1698 897 cancel-

297 934 438 981 larius
458 939 503 981 et
520 932 767 980 canonicus
787 930 995 994 ejusdem
1014 928 1195 976 abbatie
1213 934 1260 974 et
1278 927 1466 990 quidam
1482 927 1693 983 clericus,

298 1010 482 1056 nomine
499 1009 652 1064 Brule,
676 1007 782 1071 quia
810 1006 1136 1069 confregerant
1159 1003 1546 1067 salvamgardiam
1574 1003 1698 1066 regis

297 1086 343 1132 in
368 1085 591 1149 magistro
617 1087 754 1131 Petro
789 1082 967 1137 Soulas,
998 1085 1302 1144 procuratore
1326 1080 1450 1142 regis
1475 1078 1522 1125 in
1547 1078 1700 1125 Parla-

298 1167 472 1216 mento,
503 1176 643 1223 quem
668 1159 746 1206 vix
772 1174 922 1221 usque
948 1156 1006 1204 ad
1031 1161 1234 1203 mortem
1259 1155 1640 1202 vulneraverunt.

362 1236 568 1284 Necdum
594 1235 814 1292 contenti,
845 1233 955 1281 dicti
980 1232 1261 1280 Parisienses
1286 1231 1333 1277 in
1364 1230 1618 1278 crastinum
1642 1229 1702 1277 ad

298 1312 529 1360 abbatiam
551 1311 702 1359 Sancti
724 1309 940 1359 Germani
959 1308 1018 1356 de
1037 1307 1185 1355 Pratis
1205 1311 1511 1354 cucurrerunt
1528 1321 1580 1353 ac
1599 1321 1702 1352 eam

298 1389 472 1453 agressi
496 1394 619 1443 sunt,
641 1387 702 1434 ita
720 1393 770 1434 ut
787 1386 866 1449 qui
887 1390 1018 1432 erant
1038 1384 1163 1431 intus
1183 1383 1388 1430 sinerent
1408 1398 1488 1429 eos
1507 1381 1699 1428 intrare.

299 1465 574 1524 Quesierunt
613 1471 768 1511 autem
810 1479 896 1525 per
933 1461 1166 1509 abbatiam
1206 1460 1244 1506 si
1284 1475 1403 1522 quos
1444 1459 1704 1521 reperirent

300 1542 378 1605 qui
401 1558 537 1589 causa
562 1540 791 1588 dictarum
813 1538 1166 1602 impositionum
1198 1536 1451 1583 extiterant
1480 1553 1490 1582 t
1526 1534 1704 1582 nullum

299 1625 453 1665 tamen
482 1635 540 1665 ex
565 1617 652 1664 illis
677 1617 957 1663 invenerunt
981 1613 1202 1677 quoniam
1227 1613 1302 1659 illa
1335 1618 1469 1659 nocte
1499 1626 1705 1658 recesse-

301 1700 422 1741 rant.
452 1696 509 1740 Et
533 1693 639 1740 inde
665 1691 983 1756 regredientes
1008 1690 1055 1736 in
1081 1688 1332 1744 civitatem,
1362 1687 1490 1734 ibant
1516 1686 1574 1739 de
1601 1686 1704 1732 vico

300 1770 347 1816 in
372 1769 543 1825 vicum,
574 1767 740 1815 domos
765 1765 991 1829 plurimas
1015 1764 1309 1811 destruentes
1335 1768 1381 1810 et
1404 1762 1576 1810 multos
1609 1767 1706 1808 tam

301 1845 583 1894 Christianos
609 1860 748 1908 quam
774 1842 949 1891 Judeos
975 1841 1259 1889 occidentes.

367 1925 573 1980 Quorum
606 1919 868 1984 nequiciam
901 1917 1266 1973 considerantes,
1305 1915 1562 1980 burgenses
1596 1914 1706 1961 civi-

300 1998 408 2046 tatis
439 2003 672 2044 secretum
703 1996 824 2042 inter
850 2011 899 2042 se
930 1994 1133 2040 inierunt
1157 1992 1399 2040 consilium
1433 2008 1486 2039 ac
1519 1991 1707 2038 ordina-

300 2080 471 2121 verunt
495 2072 761 2135 utquisque
787 2086 951 2118 eorum
976 2074 1154 2117 secrete
1179 2074 1472 2115 armarentur
1491 2067 1538 2114 in
1558 2066 1706 2114 domi-

302 2151 391 2198 bus
437 2149 557 2205 suis,
607 2154 659 2196 ut
707 2148 745 2195 si
791 2147 896 2210 quis
940 2161 1102 2194 eorum
1150 2145 1454 2209 agrederetur
1499 2161 1525 2190 a
1572 2143 1707 2190 dictis

303 2225 568 2273 hominibus
594 2224 784 2271 malleos
815 2222 1110 2278 habentibus,
1140 2221 1279 2268 ceteri
1315 2237 1426 2267 mox
1456 2219 1637 2267 exirent
1661 2224 1708 2266 et

304 2301 623 2349 deffenderent
651 2302 774 2347 eos2.
804 2299 1146 2347 Ordinaverunt
1170 2298 1361 2360 insuper
1382 2303 1536 2344 certos
1559 2295 1708 2343 homi-

355 2445 387 2479 1.
411 2442 616 2489 Religieux
641 2440 687 2477 de
713 2438 996 2485 Saint-Denys,
1024 2444 1051 2474 t.
1074 2438 1106 2484 I,
1128 2449 1164 2485 p.
1190 2437 1269 2483 140,
1291 2443 1328 2473 et
1347 2438 1471 2473 Partie
1496 2437 1631 2472 inedita
1649 2438 1708 2473 des

307 2503 531 2547 Chrom'ques
557 2502 598 2536 de
623 2500 876 2543 Saint-Denis,
899 2509 934 2544 p.
958 2498 991 2534 3.
1014 2498 1066 2532 Le
1088 2496 1208 2532 baron
1230 2496 1391 2541 Pichon,
1412 2495 1507 2531 dans
1527 2495 1562 2531 le
1581 2496 1707 2530 Me‘na-

305 2564 384 2607 ρίαν
404 2563 445 2596 de
464 2562 572 2596 Paris
593 2562 632 2604 (t.
654 2559 686 2604 l,
710 2570 744 2605 p.
768 2569 833 2603 xx,
855 2559 974 2602 note),
996 2567 1017 2591 a
1039 2555 1166 2603 publie
1193 2567 1247 2591 un
1273 2556 1350 2592 tres
1381 2555 1540 2592 curieux
1570 2553 1709 2590 extrait

308 2619 435 2656 relatis
451 2618 473 2654 a
495 2618 531 2654 la
551 2617 768 2653 delivrance
790 2620 828 2651 et
847 2614 869 2650 a
889 2615 925 2650 la.
946 2614 1038 2650 suite
1059 2613 1273 2650 d'Aubriot.

354 2677 387 2712 2.
411 2676 466 2712 Cf.
485 2677 690 2720 chronique
704 2675 754 2709 du
769 2675 955 2718 Reliqieuoe
968 2674 1009 2708 de
1023 2671 1277 2717 Saintvenys,
1296 2676 1322 2707 t.
1341 2670 1373 2717 1,
1387 2682 1423 2718 p.
1442 2670 1523 2716 140,
1544 2669 1608 2717 qui
1628 2669 1709 2716 prc-

308 2734 400 2771 tend
415 2745 488 2782 que
509 2734 564 2771 les
584 2732 786 2781 bourgeois
806 2732 935 2768 furent
951 2730 1081 2768 re'unis
1097 2741 1144 2766 au
1160 2730 1318 2767 nombre
1334 2729 1379 2766 de
1395 2729 1523 2775 10,000
1536 2729 1711 2765 hommes

313 2804 409 2840 pour
429 2793 585 2830 resister
605 2792 627 2828 a
647 2792 838 2829 l'cmeute.
