1941 3294
468 265 838 298 CHRONOGRAPHIA
863 266 1016 298 REGUM
1040 265 1320 298 FRANCORUM.
1524 264 1591 300 *209

259 345 507 410 Proprium
527 361 695 392 nomen
718 344 817 408 ejus
837 348 1006 393 Temur
1025 348 1118 410 Bey
1136 351 1182 391 et.
1202 351 1272 392 est
1287 345 1592 402 Tartaricum,

196 423 409 487 quamvis
432 422 621 485 quidam
646 427 816 468 vocant
841 438 947 469 eum
974 422 1324 478 Temurlanum3
1350 428 1397 469 et
1428 422 1597 469 dicitur

194 504 362 547 Temur
385 499 461 547 Bei
483 498 541 545 de
567 505 711 546 tamur
737 498 862 561 quod
888 498 1223 562 interpretatur
1248 500 1422 561 ferrum
1447 505 1494 545 et
1517 500 1597 561 bey

194 577 321 640 quod
347 581 418 623 est
443 576 672 631 dominus,
709 575 839 637 quasi
876 576 1081 623 dominus
1112 576 1250 638 ferri,
1283 592 1365 622 seu
1394 576 1598 623 dominus

191 655 386 715 ferreus.
416 652 715 700 Temurlanus
735 651 903 699 dicitur
920 652 1046 715 quod
1064 652 1109 699 in
1128 652 1297 700 Gallico
1318 658 1452 699 sonat
1472 653 1598 700 clau-

193 730 299 777 dum
321 736 367 777 et
389 729 477 775 hoc
499 734 570 776 est
594 728 640 774 in
668 727 978 790 opprobrium
1010 729 1108 792 ejus
1135 735 1181 776 et
1206 728 1294 775 ista
1318 728 1597 791 interpreta-

191 806 257 853 tio
290 812 361 853 est
396 804 628 852 Tartarica
666 811 710 851 et
748 804 805 852 de
844 805 1050 853 Perside.
1092 809 1231 853 Perse
1272 806 1398 853 enim
1441 806 1596 868 ipsum

192 881 426 945 appellant
445 880 695 927 miricaban
721 881 850 942 quasi
876 881 1102 929 dominum
1122 882 1177 929 de
1197 882 1356 937 eaban,
1386 887 1433 928 et
1456 882 1597 928 caban

191 956 360 1003 dicitur
394 962 528 1018 caput
567 961 613 1002 et
652 955 878 1003 dominum
916 957 1211 1004 dominorum.
1249 961 1350 1005 Non
1389 957 1512 1004 enim
1548 974 1597 1004 se

191 1026 398 1080 nominat
430 1048 590 1096 regem
629 1049 712 1079 nec
750 1033 1099 1097 imperatorem,
1134 1034 1348 1096 quamvis
1379 1034 1438 1081 sit
1470 1040 1595 1081 tante

190 1109 517 1156 dominationis
549 1115 688 1172 atque
721 1110 965 1172 potestatis
995 1110 1121 1173 quod
1148 1128 1173 1156 a
1200 1111 1446 1158 retroactis
1477 1116 1596 1158 tem-

190 1185 385 1249 poribus
423 1202 514 1232 non
548 1185 719 1249 legitur
754 1186 894 1233 fuisse
924 1186 970 1232 in
1007 1192 1250 1249 potentatu
1284 1187 1481 1234 similem
1514 1203 1595 1235 seu

123 1301 130 1307 .
190 1263 402 1325 equalem
440 1262 524 1309 sibi
558 1262 603 1308 in
638 1262 841 1316 Oriente,
880 1268 1130 1325 postquam
1164 1262 1289 1309 illam
1324 1263 1595 1310 florentissi-

191 1355 315 1386 mam
346 1339 578 1386 civitatem
611 1338 669 1385 de
702 1340 966 1385 Semercam
992 1339 1115 1401 cepit
1141 1345 1187 1385 et
1212 1339 1416 1386 Tartarie
1447 1340 1595 1403 impe-

189 1417 309 1464 rium
337 1416 425 1462 sibi
453 1415 722 1478 usurpavit;
752 1416 857 1478 quia
887 1415 1145 1463 dominium
1180 1417 1278 1480 ejus
1309 1433 1357 1463 se
1387 1417 1595 1465 extendit

188 1508 352 1539 versus
387 1491 619 1539 Orientem
660 1507 746 1554 per
783 1497 965 1539 tantum
1010 1491 1108 1539 fere
1149 1491 1325 1539 itineris
1363 1493 1589 1556 spacium,

188 1567 314 1632 quod
341 1567 444 1630 quis
468 1583 554 1630 per
570 1583 652 1614 sex
672 1582 858 1613 menses
883 1566 1129 1614 continuos
1152 1573 1314 1629 posset
1335 1567 1552 1615 itinerare
1579 1587 1587 1615 :

186 1644 355 1692 multas
378 1661 577 1707 namque
595 1643 878 1707 provincias,
899 1643 1111 1691 civitates
1131 1650 1178 1691 et
1198 1651 1347 1692 castra
1366 1651 1412 1692 et
1430 1662 1594 1709 quam-

187 1721 344 1785 plures
384 1720 599 1767 dominos
631 1720 718 1766 sibi
744 1720 955 1783 subjecit,
986 1725 1032 1767 et
1057 1721 1317 1783 specialiter
1342 1722 1593 1785 quamdam

187 1813 402 1862 magnam
432 1797 666 1844 civitatem
692 1797 738 1843 in
765 1796 978 1859 partibus
1012 1797 1138 1844 Indie
1171 1797 1324 1853 sitam,
1354 1815 1592 1863 nuncupa-

186 1880 283 1921 tam
316 1875 418 1939 Dyli
454 1875 576 1937 cepit
608 1880 656 1920 et
686 1890 846 1937 regem
875 1873 974 1938 ejus
1006 1874 1052 1920 in
1084 1874 1400 1937 captivitatem
1436 1875 1587 1923 duxit.

186 1951 360 1999 Deinde
392 1968 610 1998 reversus
641 1956 711 1998 est
746 1966 910 1998 versus
946 1951 1243 1998 Occidentem
1278 1957 1323 1998 et
1352 1969 1500 2016 usque
1532 1953 1590 1999 ad

186 2027 632 2091 Constantinopolim
657 2027 784 2075 velut
807 2033 1063 2091 tempestas
1090 2029 1245 2076 omnia
1271 2029 1509 2077 contrivit.

249 2109 393 2153 Erant
412 2110 564 2152 autem
589 2104 634 2151 in
662 2104 869 2153 exercitu
895 2105 1010 2168 ejus,
1033 2111 1085 2152 ut
1110 2106 1275 2163 fertur,
1306 2106 1460 2154 decies
1487 2123 1592 2154 cen-

185 2188 286 2229 tum
313 2182 434 2228 milia
462 2187 792 2246 pugnatorum,
823 2198 1051 2245 equorum
1079 2184 1308 2247 octaginta
1339 2185 1440 2248 (sio)
1470 2184 1591 2231 milia

186 2259 362 2321 absque
389 2257 574 2305 camelis
595 2264 639 2304 et
660 2258 757 2304 aliis
784 2258 1057 2306 animalibus
1078 2259 1332 2306 innumeris
1349 2266 1395 2307 et
1415 2260 1590 2323 absque

185 2341 263 2382 XLa
295 2334 640 2397 elephantibus,
675 2334 858 2381 castella
890 2335 1041 2398 lignea
1078 2335 1377 2383 bellatoribus
1410 2337 1591 2400 garnita

185 2412 230 2459 in
271 2411 428 2474 preliis
464 2410 772 2474 portantibus.
808 2412 986 2459 Armati
1022 2412 1144 2459 enim
1184 2412 1403 2459 incedunt
1435 2413 1591 2459 bachi-

185 2488 305 2536 netis
338 2495 383 2535 et
414 2488 689 2536 bracheletis
722 2488 886 2536 ferreis
921 2495 1128 2545 tantum,
1174 2491 1382 2553 exceptis
1427 2490 1589 2554 gladiis

186 2572 232 2613 et
268 2566 470 2613 arcubus
504 2565 621 2621 suis,
661 2581 778 2628 quos
817 2581 1004 2630 semper
1038 2573 1229 2630 portant
1271 2574 1316 2614 et
1351 2574 1510 2614 tenent
1545 2568 1589 2614 in

186 2643 416 2690 manibus.

250 2722 306 2766 Et
342 2734 637 2781 quocumque
675 2717 823 2774 vadit,
869 2735 1054 2783 semper
1093 2736 1250 2768 secum
1296 2719 1422 2767 ducit
1463 2719 1591 2767 illum

332 2805 378 2836 111
1410 2802 1450 2838 14
