1941 3294
187 287 290 335 1396]
460 290 830 323 CHRONOGRAPHIA
854 290 1008 323 REGUM
1034 289 1313 322 FRANCORUM.
1521 286 1587 323 135

185 376 294 417 runt
337 385 533 434 regnum
576 371 883 433 Bossenense.
927 371 984 416 Et
1022 367 1144 414 circa
1189 367 1332 414 finem
1376 366 1587 431 ejusdem

184 446 374 501 mensis,
403 462 488 493 rex
507 444 832 492 Bossenensis1
860 444 988 492 venit
1011 443 1070 491 ad
1095 459 1257 507 regem
1282 443 1516 508 Hungarie
1542 448 1588 490 et

185 522 352 569 ceteris
377 521 600 584 primates
627 520 992 568 Christianorum
1023 535 1077 566 ac
1102 519 1168 567 eis
1193 525 1360 583 sponte
1388 534 1588 583 regnum

184 604 231 646 et
255 614 385 645 arma
410 614 491 645 sua
525 596 735 653 tradidit,
765 613 1050 660 quamquam
1076 596 1343 660 juramento
1370 596 1588 643 astrictus

183 680 283 721 erat
315 673 529 729 Baisac0;
561 688 761 735 cumque
793 673 851 719 ab
882 673 1059 720 eisdem
1087 672 1288 719 dominis
1321 671 1587 735 benigniter

183 751 489 814 reciperetur,
516 755 746 797 venerunt
777 749 1024 813 parimodo
1049 749 1234 798 Galate‘2
1260 748 1340 812 qui
1366 748 1512 795 eciam
1539 754 1590 795 ut

182 828 257 874 alii
283 828 330 874 in
355 832 578 891 promptu
610 826 786 889 recepti
813 833 936 874 sunt.
966 826 1231 874 Notandum
1261 825 1389 889 quod
1415 825 1589 888 duplex

183 909 271 961 est,
313 904 486 952 Galatia
528 903 678 967 major
717 903 889 951 scilicet
930 910 976 951 et
1012 904 1165 951 minor
1200 921 1210 950 :
1248 903 1400 966 prima
1433 909 1503 950 est
1542 903 1589 949 in

182 981 378 1028 Bithinia
397 980 516 1027 ultra
535 980 776 1028 brachium
790 981 939 1028 Sancti
963 980 1148 1044 Georgii
1161 982 1178 1008 3
1197 980 1307 1036 sita;
1327 981 1415 1028 ista
1434 979 1589 1026 minor

183 1063 253 1104 est
279 1057 411 1113 citra,
443 1056 616 1103 scilicet
640 1056 687 1103 in
721 1057 902 1110 Russia,
939 1056 986 1103 in
1013 1056 1216 1119 quadam
1243 1062 1376 1118 parte
1401 1055 1586 1111 Russie‚

183 1138 230 1179 et
254 1132 338 1180 hec
373 1131 563 1195 quidem
596 1132 759 1180 Russia
788 1132 835 1178 in
868 1131 1058 1179 Minoris
1089 1131 1195 1179 Asie
1221 1131 1422 1178 confinio
1456 1147 1591 1177 cons-

185 1209 318 1256 tituta
351 1214 438 1256 est.
469 1208 607 1272 Cujus
639 1208 794 1255 Galate
827 1208 958 1257 Greci
992 1215 1099 1255 sunt
1131 1214 1182 1255 ut
1214 1207 1290 1255 alii
1323 1207 1382 1254 de
1413 1207 1591 1271 majore

183 1285 403 1342 Galathia,
428 1284 598 1348 quibus
621 1284 784 1332 beatus
804 1285 970 1333 Paulus
996 1285 1234 1348 apostolus
1255 1284 1424 1349 legitur
1444 1283 1591 1346 scrip-

183 1362 316 1417 sisse,
354 1379 380 1409 a
407 1361 577 1424 quibus
602 1361 907 1424 postmodum
932 1362 1163 1409 exierunt.

246 1438 421 1486 Deinde
459 1444 753 1486 transeuntes
790 1438 1070 1496 Danubium,
1107 1439 1323 1486 abierunt
1346 1438 1393 1485 in
1425 1437 1592 1502 Bulga-

182 1515 300 1562 riam
321 1521 428 1562 ante
448 1515 624 1579 regiam
644 1515 880 1563 civitatem
900 1516 1257 1572 Budinensem⁴=‚
1280 1515 1424 1563 totius
1444 1515 1594 1578 impe-

182 1591 241 1639 rii
261 1591 473 1655 Bulgarie
495 1591 818 1654 principalem;
839 1592 898 1639 ad
924 1608 1066 1654 quam
1092 1592 1457 1656 aggrediendam
1483 1607 1590 1639 cum

182 1667 516 1730 prememorati
551 1684 656 1715 cum
690 1667 877 1715 aciebus
915 1668 1141 1715 ordinatis
1175 1667 1382 1731 prompti
1413 1673 1587 1724 essent,

182 1760 266 1791 rex
286 1744 520 1807 Hungarie
543 1744 734 1807 propria
755 1761 896 1792 manu
916 1744 1023 1792 fecit
1043 1745 1213 1792 milites
1235 1761 1384 1792 novos
1398 1745 1591 1792 comites

181 1820 516 1867 Nivernensem
536 1828 583 1868 et
596 1821 794 1868 Marchie
811 1827 1010 1868 tantum.
1034 1824 1160 1868 Tunc
1180 1821 1327 1868 eciam
1350 1821 1458 1868 facti
1485 1827 1592 1868 sunt

181 1896 256 1944 alii
280 1897 450 1944 milites
476 1897 806 1961 quamplurimi
832 1898 891 1945 ab
917 1898 1017 1945 aliis
1043 1898 1353 1962 principibus.

183 2062 364 2100 curiosite
395 2062 430 2098 le
460 2073 621 2110 passage
655 2063 811 2100 suivant
843 2076 849 2099 :
887 2077 903 2098 <t
939 2063 1114 2108 Quorum
1145 2063 1362 2100 nobilitatis
1394 2074 1591 2100 armorum

185 2136 201 2156 «
228 2121 399 2168 insignia
431 2122 550 2158 Budae
588 2123 629 2158 in
661 2123 830 2159 claustro
869 2123 1005 2160 Sancti
1043 2123 1198 2160 Nicolai
1232 2122 1466 2159 confessoris
1501 2133 1592 2170 erga

185 2194 201 2214 «
230 2181 368 2217 fratres
390 2180 696 2217 Proedicatorum
721 2181 864 2217 tabulis
891 2187 972 2218 arte
995 2181 1160 2228 pictoria
1185 2181 1372 2228 inscripta
1400 2192 1444 2217 ac
1466 2182 1593 2228 parie-

185 2254 201 2272 «
229 2239 332 2275 tibus
354 2238 484 2285 affixa,
504 2250 613 2276 meos
634 2251 755 2287 usque
775 2240 821 2276 ad
840 2251 964 2277 annos
983 2251 1051 2287 pro
1072 2240 1263 2277 memoria
1284 2246 1424 2276 stetere
1444 2254 1458 2275 ι
1483 2241 1592 2284 (Jean

182 2297 227 2334 de
248 2298 450 2344 Thwrocz‚
471 2298 570 2345 apud
595 2298 802 2346 Froissart,
825 2299 883 2336 ed.
907 2299 1068 2347 Kervyn
1089 2300 1135 2336 de
1162 2299 1419 2346 Lettenhove,
1445 2305 1472 2336 t.
1497 2300 1591 2347 XV,

182 2367 218 2403 p.
242 2356 339 2401 420).

230 2417 263 2451 1.
286 2406 453 2451 Etienne
474 2415 654 2451 Dahissa.

228 2474 263 2510 2.
287 2474 337 2511 Ce
358 2480 446 2511 sont
466 2474 521 2510 les
542 2475 738 2511 habitants
757 2475 804 2512 de
824 2476 861 2512 la
881 2476 1069 2513 Valachie
1096 2482 1133 2512 et
1160 2488 1239 2513 non
1263 2487 1360 2513 ceux
1388 2476 1433 2513 de
1455 2477 1588 2513 Galatz

181 2532 276 2580 qu‘il
296 2532 376 2570 faut
403 2533 648 2569 reconnaitre
669 2543 757 2569 sous
779 2544 821 2570 ce
843 2545 956 2578 nom;
980 2535 1017 2570 la
1040 2534 1206 2578 Galatia,
1235 2545 1385 2571 comme
1405 2534 1432 2570 il
1459 2541 1517 2571 est
1537 2534 1591 2572 dit

182 2591 244 2635 ici,
266 2597 325 2628 est
345 2603 394 2628 en
415 2591 724 2628 Asie-Mineure.

231 2651 263 2687 3.
286 2649 350 2686 Au
370 2661 511 2698 moyen
533 2651 618 2697 age,
640 2662 690 2687 on
710 2651 877 2698 appelait
897 2652 997 2688 ainsi
1018 2653 1071 2689 les
1092 2652 1360 2689 Dardanelles.

228 2709 264 2745 4.
287 2709 447 2746 Comme
464 2710 503 2757 je
525 2710 633 2745 viens
659 2709 705 2746 de
731 2711 765 2747 le
791 2711 886 2757 dire,
915 2712 985 2748 lire
1012 2713 1277 2748 Viduanensem
1303 2717 1342 2748 et
1370 2723 1447 2749 non
1474 2714 1587 2749 Budi-

185 2779 343 2805 nensem.
366 2769 398 2805 Il
420 2769 528 2817 s’agit
546 2769 645 2806 donc
665 2769 713 2806 ici
734 2769 779 2807 de
800 2770 952 2807 Widin.
