1941 3294
349 310 393 346 94
622 312 992 346 GHRONOGRAPHIA
1016 313 1170 345 REGUM
1193 313 1472 347 FRANGORUM.
1637 312 1741 359 [1388

349 392 535 448 fortem,
565 393 746 457 rogavit
780 409 861 440 eos
892 398 943 439 ut
975 392 1067 439 tale
1095 399 1283 455 pactum
1313 394 1483 441 inirent
1507 410 1614 442 cum
1638 397 1744 443 Sar-

348 468 545 525 racenis,
575 469 701 532 quod
727 469 827 533 ipse
852 485 944 516 non
967 475 1247 518 moreretur.

414 544 498 601 Qui
522 545 744 592 abeuntes
775 550 953 591 tantum
987 544 1196 592 fecerunt
1221 562 1331 610 erga
1363 563 1444 594 eos
1469 546 1743 594 tractatibus

347 618 458 676 suis,
483 621 626 682 quod,
653 620 834 668 reddita
860 620 1044 667 civitate
1068 637 1266 669 unacum
1283 638 1332 669 se
1353 622 1466 685 ipsis
1492 622 1579 670 sub
1603 623 1744 671 certis

346 697 754 754 conventionibus,
796 696 922 743 idem
955 712 1041 743 rex
1081 702 1128 744 et
1171 698 1567 747 conestabularius
1611 716 1741 756 suus,

347 787 454 819 cum
478 789 625 820 uxore
650 773 765 837 ejus,
800 772 1078 835 indempnes
1108 775 1297 832 servati,
1330 774 1457 822 ducti
1488 775 1675 823 fuerunt
1698 776 1745 822 in

346 848 565 912 Egiptum
596 848 655 895 ad
682 848 974 896 soldanum¹.
1004 849 1231 898 Soldanus
1261 867 1376 898 vero
1407 851 1487 914 qui
1520 868 1605 915 per
1637 868 1746 915 pac-

344 930 444 972 tum
471 925 529 972 de
555 925 668 972 fisco
697 925 893 988 proprio
922 925 990 972 eis
1021 927 1245 988 quamdiu
1270 927 1415 975 vitam
1444 928 1668 976 ducerent
1699 928 1744 975 in

345 1001 556 1048 humanis
582 1002 869 1049 neccessaria
903 1001 1104 1050 debebat
1139 1004 1401 1052 ministrare
1427 1005 1473 1052 in
1499 1006 1631 1069 regio
1660 1005 1744 1052 ho—

344 1093 481 1134 nore,
526 1078 704 1126 dictum
739 1095 900 1143 regem
926 1079 1102 1127 habens
1136 1097 1222 1144 per
1258 1097 1480 1145 magnum
1518 1082 1746 1146 temporis

344 1154 579 1217 spacium2
612 1171 720 1203 cum
757 1156 949 1219 prefatis
983 1157 1352 1205 conestabulario
1388 1175 1472 1206 suo
1515 1164 1562 1206 et
1598 1175 1747 1206 uxore

344 1231 442 1295 ejus
468 1247 626 1279 secum
646 1232 861 1280 detinuit.

407 1308 613 1356 Tandem
643 1309 799 1373 ipsum
824 1326 931 1357 cum
962 1309 1186 1373 predictis
1209 1311 1565 1359 Jherosolimam
1593 1317 1748 1359 trans-
1824 1376 1829 1380 Δ

345 1383 550 1442 mittens,
580 1385 638 1432 de
670 1385 932 1433 redditibus
961 1386 1171 1450 ejusdem
1196 1383 1283 1434 loci
1316 1386 1401 1435 sibi
1429 1404 1517 1451 pro
1542 1387 1636 1435 vite
1666 1404 1747 1435 sue

344 1461 642 1508 neccessariis
668 1462 954 1510 sufficienter
982 1462 1199 1520 donavit;
1228 1463 1310 1511 sed
1342 1469 1502 1527 postea
1535 1482 1561 1511 a
1589 1469 1748 1512 custo-

344 1537 480 1585 dibus
505 1539 599 1586 suis
625 1538 794 1586 furtive
814 1539 1035 1597 evadens,
1058 1540 1234 1602 absque
1255 1541 1446 1603 prefatis
1472 1541 1748 1589 conestabu-

343 1612 458 1660 lario
482 1619 529 1661 et
555 1631 701 1661 uxore
729 1615 828 1679 ejus
853 1615 1083 1663 discessit.
1107 1616 1282 1664 Deinde
1307 1617 1366 1664 ad
1393 1616 1570 1665 dictum
1595 1617 1748 1665 Ludo-

345 1691 515 1747 vicum,
531 1707 691 1755 regem
705 1692 898 1749 Scicilie‚
914 1692 1081 1739 ducem
1092 1693 1493 1757 Andegavensem,
1508 1700 1559 1741 ut
1571 1694 1748 1741 dictum

345 1772 432 1824 est,
473 1767 519 1814 in
556 1768 770 1832 Apuliam
807 1769 1051 1826 accedens,
1084 1768 1193 1816 inde
1228 1769 1287 1817 ad
1317 1770 1603 1834 Hispaniam,
1640 1770 1747 1819 exin

344 1842 619 1891 Avinionem
636 1844 693 1891 ad
713 1848 884 1908 Papam
903 1845 1185 1894 Clementem
1200 1850 1247 1893 et
1260 1845 1368 1893 inde
1383 1846 1586 1894 Parisius
1602 1846 1744 1901 venit,

343 1918 421 1965 ubi
450 1920 649 1968 finaliter
669 1927 776 1984 post
802 1937 1073 1985 regressum
1099 1921 1197 1985 ejus
1223 1922 1281 1969 ab
1302 1922 1481 1987 Anglia,
1512 1923 1560 1970 in
1584 1939 1748 1986 sump-

342 1995 468 2042 tibus
497 1997 637 2061 regiis
670 2014 990 2055 commorans,
1030 2004 1080 2046 ut
1111 1998 1287 2046 dictum
1322 2005 1415 2057 est,
1452 2005 1666 2048 mortuus
1702 2004 1750 2047 et

345 2073 556 2135 sepultus
583 2080 672 2122 est.

409 2152 458 2196 In
484 2166 645 2199 mense
666 2150 847 2216 augusti
868 2150 1080 2214 sequenti
1098 2151 1265 2214 prefati
1291 2151 1400 2199 anni
1423 2151 1471 2200 Mi
1488 2152 1590 2202 CCCi
1614 2158 1744 2200 octo-

344 2226 508 2290 gesimi
543 2229 713 2287 octavi,
748 2245 833 2276 rex
866 2228 1056 2276 Francie
1090 2236 1135 2276 et
1169 2229 1266 2277 dux
1297 2230 1594 2295 Burgundie3
1630 2247 1750 2295 quos

346 2302 639 2353 diffidaverat
680 2306 775 2355 dux
814 2305 1014 2362 Guelrie,
1055 2314 1459 2371 congregaverunt
1493 2308 1750 2356 maximum

395 2434 427 2469 1.
451 2433 510 2469 En
534 2434 639 2471 1375.

393 2492 427 2527 2.
451 2492 629 2528 Pendant
650 2492 708 2528 six
729 2494 889 2529 annees.

393 2549 428 2585 3.
448 2550 640 2587 Froissart
656 2550 726 2595 (ed.
742 2552 902 2599 Kervyn
916 2552 960 2588 de
976 2553 1229 2598 Lettenhove,
1246 2559 1272 2590 t.
1290 2554 1404 2601 XIII,
1419 2565 1455 2602 p.
1478 2555 1535 2598 28,
1555 2554 1634 2598 180,
1652 2554 1747 2601 332).

348 2607 508 2644 Charles
530 2609 586 2645 VI
604 2610 707 2646 avait
728 2611 848 2657 quitte
872 2611 979 2646 Paris
999 2612 1034 2646 le
1055 2612 1075 2648 8
1093 2612 1232 2659 juillet,
1254 2613 1402 2660 d'apres
1423 2614 1457 2649 le
1478 2613 1683 2660 Religieux
1703 2613 1749 2649 de

350 2667 618 2716 Saint-Denys
640 2670 680 2715 (t.
703 2669 735 2716 1,
756 2681 791 2716 p.
815 2669 909 2708 528).
933 2671 1006 2706 Les
1033 2673 1248 2707 Itine'raz'res
1276 2674 1318 2708 de
1342 2674 1508 2719 Philippo
1529 2675 1559 2708 le
1578 2673 1699 2708 Hardi
1719 2676 1750 2708 ec

348 2728 389 2762 de
408 2729 498 2763 Jean
518 2728 742 2773 Sans-Pam,
767 2729 812 2765 de
834 2729 884 2764 M.
909 2729 950 2764 E.
976 2729 1092 2776 Petit,
1113 2736 1312 2767 montrent
1332 2742 1404 2778 que
1421 2731 1454 2768 le
1476 2731 1549 2768 duc
1564 2730 1608 2767 de
1624 2731 1748 2768 Bour-

352 2795 473 2831 gogne
495 2797 535 2822 se
556 2786 626 2822 mit
646 2798 694 2823 en
717 2793 823 2824 route
846 2787 878 2823 le
899 2789 918 2823 7
936 2787 1061 2835 juillet
1085 2788 1174 2826 1388
1197 2794 1243 2836 (p.
1268 2790 1362 2837 195).
