1941 3294
329 324 374 360 86
598 321 967 355 GHRONOGRAPHIA
992 319 1145 351 REGUM
1169 317 1447 350 FRANCORUM.
1615 314 1719 360 [1387

391 405 614 456 Vicesima
628 402 787 465 quinta
804 400 878 447 die
895 393 1003 463 junii
1018 397 1124 444 anni
1136 397 1183 444 Mi
1195 395 1292 446 CCCi
1304 394 1530 452 Lxxxvni,
1551 399 1574 443 J
1578 396 1722 443 ohan-

328 500 410 532 nes
431 482 490 530 de
514 478 777 529 Monteforti
797 474 1104 524 incarceravit
1122 475 1373 530 Oliverum,
1403 472 1645 520 dominum
1665 472 1723 520 de

327 557 545 618 CliconiO,
583 552 1002 603 comestabularium
1042 551 1233 598 Francie
1267 556 1314 597 et
1347 554 1455 612 post
1487 554 1593 596 octo
1627 549 1725 597 dies

326 634 538 684 liberavit
561 648 686 689 eum,
715 628 1026 677 mediantibus
1049 635 1097 676 GM
1122 627 1291 674 francis
1310 625 1427 683 auri,
1456 641 1575 688 quos
1600 625 1724 672 idem

327 712 537 760 Oliverus
569 708 728 761 solvit3
763 705 842 768 qui
868 704 1014 751 eciam
1043 703 1248 750 reddidit
1272 703 1422 766 aliqua
1448 707 1601 749 castra
1632 718 1724 764 que

327 787 514 836 tenebat
549 785 595 832 in
626 782 877 838 Britannia,
912 779 1110 828 Johanni
1140 779 1197 826 de
1229 779 1391 835 Blesis,
1428 777 1522 824 filio
1556 777 1724 840 prefati

325 862 479 911 Karoli
512 861 570 909 de
596 859 757 914 Blesis‚
795 856 1120 921 pertinenciffl.
1155 859 1243 903 Pro
1273 855 1485 919 captione
1514 853 1725 918 ejusdem

325 936 677 987 conestabularii
700 951 866 999 magna
888 934 1186 997 congregatio
1206 933 1447 980 hominum
1466 946 1722 988 armorum,

325 1029 526 1078 quorum
551 1013 650 1075 ipse
674 1016 773 1058 erat
798 1009 1056 1057 conductor
1076 1009 1134 1056 ad
1159 1008 1364 1056 eundum
1388 1013 1550 1056 contra
1569 1007 1727 1072 Angli-

324 1108 422 1147 cos,
451 1089 656 1138 totaliter
680 1087 911 1135 adnullata
937 1092 1024 1133 est.

390 1167 540 1215 Prima
576 1165 651 1212 die
685 1164 799 1229 jullii
836 1163 1046 1228 ejusdem
1087 1162 1218 1219 anni,
1258 1161 1476 1226 migravit
1509 1178 1536 1207 a
1572 1160 1728 1208 seculo

324 1248 506 1300 Petrus,
543 1241 786 1290 cardinalis
806 1240 865 1288 de
889 1239 1236 1303 Luxemburgo‚
1260 1238 1306 1285 in
1332 1237 1517 1285 civitate
1541 1236 1729 1283 Avinio-

326 1321 503 1377 nensi2‚
535 1325 733 1383 propter
761 1333 903 1380 quem
934 1316 1175 1373 Dominus,
1206 1320 1314 1379 post
1339 1314 1438 1378 ejus
1463 1314 1723 1370 decessum,

325 1398 471 1446 multa
487 1402 708 1460 operatus
728 1400 798 1442 est
819 1393 1038 1441 miracula
1064 1411 1072 1439 :
1098 1409 1206 1440 nam
1226 1391 1322 1439 ceci
1342 1391 1574 1448 viderunt,
1599 1389 1726 1437 surdi

325 1475 587 1531 audierunt,
607 1472 756 1520 claudi
774 1477 953 1519 rectum
970 1471 1201 1518 incessum
1219 1469 1519 1516 obtinuerunt
1535 1473 1581 1514 et
1595 1467 1729 1531 plura

325 1553 411 1600 alia
450 1568 541 1614 que
580 1568 606 1598 a
643 1548 954 1597 cardinalibus
994 1547 1041 1594 in
1085 1546 1270 1610 scriptis
1305 1545 1580 1592 transmissa
1621 1548 1728 1591 sunt

325 1627 526 1676 Parisius
547 1626 605 1674 ad
633 1626 792 1690 plures
816 1640 1060 1688 personas.

327 1795 342 1815 «
365 1781 400 1816 le
421 1779 517 1827 xxije
534 1779 621 1827 jour
641 1778 774 1815 d'avril
794 1777 872 1813 l’an
892 1776 961 1812 mil
981 1775 1072 1812 CCC
1093 1774 1210 1811 1111xx
1230 1778 1267 1811 et
1294 1778 1377 1821 sept
1397 1784 1465 1820 par
1490 1783 1582 1821 moy
1601 1773 1729 1809 Jehan

326 1853 342 1874 (ι
364 1839 409 1875 de
444 1838 675 1886 Poquieres,
706 1836 915 1882 chevalier,
947 1834 1191 1872 chambellan
1226 1833 1275 1869 du
1309 1833 1397 1880 Roy
1430 1832 1620 1868 nostredit
1652 1832 1727 1868 sei-

326 1912 340 1932 «
367 1908 491 1945 gneur
510 1902 548 1933 et
569 1896 732 1933 commis
762 1896 784 1931 a
810 1894 984 1931 recevoir
1004 1894 1057 1929 les
1083 1897 1277 1929 monstres
1303 1897 1340 1928 et
1369 1902 1505 1928 revues
1536 1890 1729 1927 desdictes

327 1970 342 1990 α
367 1967 462 2003 genz
501 1954 664 1990 d'armes
696 1965 763 2000 par
796 1954 831 1988 le
872 1953 959 1999 Roy
988 1951 1178 1988 nostredit
1207 1951 1389 1997 seigneur
1419 1963 1434 1983 »
1470 1949 1595 1994 (Bibl.
1629 1953 1728 1994 nat.,

325 2013 500 2050 volumes
522 2011 636 2047 relies
657 2010 706 2046 du
728 2010 892 2046 Cabinet
911 2009 977 2045 des
996 2009 1123 2054 titres,
1144 2016 1187 2044 n0
1210 2008 1315 2054 1409,
1338 2007 1400 2044 fol.
1423 2007 1467 2043 84
1488 2007 1510 2042 a
1527 2007 1598 2051 86).
1620 2006 1729 2042 L’ex-

324 2071 494 2118 pedition
514 2070 570 2106 fut
592 2069 739 2105 confiee
759 2069 781 2104 a
802 2069 1023 2105 Guillaume
1043 2067 1089 2103 de
1109 2067 1258 2104 Neillac
1279 2071 1318 2102 et
1337 2066 1359 2101 a
1379 2065 1560 2102 Gaucher
1574 2065 1620 2101 de
1638 2065 1729 2101 Pas-

325 2141 390 2166 sac
418 2129 483 2177 qui
503 2128 683 2164 devaient
703 2138 902 2164 emniener
921 2127 1022 2163 deux
1041 2126 1149 2162 mille
1169 2126 1345 2162 hommes
1367 2124 1552 2167 d'armes;
1575 2135 1626 2160 on
1646 2124 1730 2160 leur

324 2199 438 2225 versa
459 2188 589 2233 30,000
611 2187 740 2223 francs
761 2186 796 2223 le
819 2188 838 2223 5
859 2185 998 2222 fevrier
1019 2185 1108 2221 1387
1128 2185 1150 2220 a
1170 2184 1299 2227 Paris3
1323 2194 1372 2220 on
1393 2183 1521 2220 devait
1538 2194 1562 2229 y
1579 2182 1730 2229 joindre

325 2248 456 2292 30,000
478 2247 607 2283 francs
628 2246 650 2282 a
666 2246 776 2293 Lyon
793 2246 827 2281 le
841 2246 886 2282 20
900 2256 1005 2281 mars
1025 2245 1181 2281 suivant
1201 2248 1239 2280 et
1259 2243 1391 2290 40,000
1412 2243 1539 2279 francs
1554 2242 1576 2278 a
1591 2241 1729 2278 Cabas-

322 2307 432 2353 taing
452 2306 487 2343 le
508 2306 547 2342 31
572 2316 677 2341 mars
700 2305 917 2351 (Froissart,
934 2304 990 2340 ed.
1015 2304 1177 2350 Kervyn
1196 2302 1242 2338 de
1262 2302 1516 2347 Lettenhove,
1532 2307 1560 2338 t.
1577 2301 1729 2348 XVIII,

324 2377 360 2413 p.
386 2366 477 2411 5693
499 2365 546 2401 cf.
569 2366 677 2405 Ibid„
701 2370 728 2399 t.
752 2364 826 2408 XI,
847 2374 884 2410 p.
908 2363 988 2408 375,
1011 2367 1050 2398 et
1068 2367 1097 2399 t.
1122 2362 1214 2409 XII,
1235 2373 1272 2408 p.
1294 2362 1365 2403 64).

372 2426 405 2460 1.
429 2424 568 2461 C’esta
582 2424 744 2460 Vannes
765 2434 838 2470 que
859 2422 1049 2458 l'attentat
1070 2421 1125 2457 fut
1146 2420 1322 2457 commis.
1340 2420 1395 2456 La
1409 2420 1598 2456 duchesse
1613 2417 1729 2454 d'An-

320 2484 386 2531 jou
409 2483 533 2531 apprit
554 2483 590 2519 la
610 2482 789 2519 nouvelle
811 2482 844 2517 le
867 2482 906 2517 11
927 2480 1053 2528 juillet
1072 2486 1110 2516 et
1131 2480 1165 2515 le
1185 2491 1281 2527 pape
1303 2480 1337 2515 le
1352 2479 1408 2515 12.
1424 2479 1523 2515 Jean
1539 2479 1591 2514 Le
1606 2478 1729 2515 Fevre

322 2543 479 2590 indique
509 2543 605 2578 dans
636 2553 706 2578 son
731 2543 891 2577 Journal
921 2539 1115 2575 l'emotion
1149 2539 1288 2575 causee
1321 2538 1343 2574 a
1376 2548 1419 2573 sa.
1447 2547 1540 2574 cour
1570 2548 1640 2584 par
1669 2542 1729 2573 cet

322 2603 555 2638 evenement
577 2605 616 2644 (t.
633 2601 665 2646 I,
681 2611 717 2647 p.
735 2600 815 2645 365,
833 2599 900 2635 366
921 2604 958 2634 et
980 2598 1069 2640 36&
1093 2597 1300 2643 Froissart,
1317 2596 1375 2632 ed.
1395 2597 1555 2643 Kervyn
1576 2595 1623 2631 de
1642 2595 1728 2631 Let-

324 2661 503 2707 tenhove,
526 2664 553 2696 t.
576 2658 667 2704 XII,
691 2670 727 2705 p.
752 2657 819 2694 152
839 2658 861 2693 a
884 2657 950 2693 182
971 2662 1008 2692 et
1029 2668 1064 2703 p.
1089 2656 1183 2701 382).

370 2718 403 2754 2.
427 2719 480 2754 Le
501 2719 520 2754 4
539 2718 665 2765 juillet
685 2717 833 2764 d'apres
854 2717 888 2752 le
905 2716 1109 2763 Religieux
1123 2715 1169 2751 de
1186 2714 1455 2762 Saint-Denys
1472 2715 1510 2759 (t.
1528 2713 1561 2761 Ι,
1577 2724 1613 2760 p.
1630 2713 1728 2758 478),

323 2778 357 2813 le
369 2777 404 2822 ⁶2,
418 2777 573 2813 suivant
584 2776 751 2813 d’autres
767 2775 986 2821 (Froissart,
1002 2773 1060 2810 ed.
1074 2774 1233 2820 Kervyn
1247 2773 1293 2810 de
1306 2773 1559 2818 Lettenhove‚
1572 2777 1601 2808 t.
1613 2770 1729 2817 XIII,

322 2846 360 2882 p.
382 2834 479 2881 333).
