1941 3294
208 287 310 333 1398]
482 289 850 322 CHRONOGRAPHIA
876 289 1028 321 REGUM
1052 289 1331 322 FRANGORUM.
1537 288 1603 324 153

211 387 232 412 (ι
263 383 344 414 seu
375 366 519 413 eciam
548 365 841 428 spectabunt,
865 365 1080 412 adhibitis
1100 364 1157 411 ad
1185 365 1273 412 hoc
1293 366 1608 414 sollemnitati-

210 462 229 487 «
263 444 349 490 bus
376 449 422 490 et
448 442 546 489 aliis
573 441 718 489 solitis
742 429 797 488 ac
819 442 964 489 eciam
990 441 1285 505 opportunis.

274 539 293 564 <1
325 523 389 567 De
411 518 644 566 beneficiis
663 535 777 565 vero
794 518 1106 581 complicium,
1128 517 1361 565 fautorum
1375 525 1421 565 et
1440 535 1606 581 sequa-

210 615 229 640 «
262 596 382 643 cium
401 595 719 658 predictorum
736 611 820 657 per
832 595 1091 642 ordinarios
1108 594 1412 658 provideatur
1428 595 1601 652 debite,

209 689 228 714 ε(
261 671 331 717 vel
369 671 467 718 aliis
504 688 556 718 ea
593 670 907 717 concedantur
943 671 989 717 in
1030 670 1356 717 commendam
1393 671 1606 733 personis

207 767 227 791 c<
260 747 469 811 ydoneis,
488 747 762 794 alienatione
786 746 1017 794 bonorum
1039 746 1345 794 immobilium
1365 752 1411 794 et
1425 748 1606 810 precio-

206 843 226 868 «
258 840 417 871 sorum
442 823 682 870 mobilium
716 823 782 870 eis
815 823 1007 886 singulis
1034 823 1293 880 interdicta,
1325 823 1530 887 regenda
1557 828 1603 870 et

205 920 224 944 a
258 900 578 953 ministranda,
625 900 775 946 donec
812 900 944 946 aliter
981 900 1200 947 canonice
1240 900 1299 947 sit
1340 899 1601 963 provisum.

206 995 225 1020 c<
256 976 516 1043 Districtius
541 975 804 1023 inhibentes
837 976 1066 1023 universis
1105 982 1149 1022 et
1182 977 1374 1041 singulis
1406 977 1605 1025 subditis

205 1072 226 1097 «
257 1052 428 1099 nostris
454 1058 500 1099 et
523 1052 685 1100 incolis
708 1052 839 1116 regni
868 1057 914 1099 et
939 1052 1238 1115 Dalphinatus
1263 1053 1601 1116 predictorum,

204 1149 223 1174 <t
255 1136 350 1177 tam
394 1129 714 1177 ecclesiasticis
759 1145 901 1192 quam
944 1129 1258 1185 secularibus,
1313 1146 1605 1192 quacumque

204 1225 223 1250 a
256 1206 401 1253 eciam
428 1206 680 1269 pontificali
704 1206 947 1270 dignitate,
973 1205 1045 1251 vel
1069 1205 1236 1267 quovis
1261 1205 1349 1251 alio
1369 1206 1502 1252 titulo
1524 1222 1605 1252 seu

205 1302 224 1326 «
258 1282 444 1330 nomine
482 1289 781 1337 censeantur,
819 1298 876 1328 ne
908 1280 1090 1343 prefato
1128 1281 1377 1328 Benedicto
1413 1282 1605 1345 ejusque

203 1378 222 1402 <‹
257 1358 533 1421 sequacibus
559 1375 612 1405 ac
636 1358 869 1405 officiariis
903 1364 948 1405 et
978 1357 1270 1404 auditoribus
1297 1374 1379 1404 seu
1402 1358 1607 1422 justicia-

202 1455 222 1480 «
253 1435 334 1482 riis
365 1435 648 1498 quibuslibet
683 1435 876 1482 obedire
908 1434 1287 1498 quomodolibet,
1334 1441 1411 1482 aut
1444 1442 1606 1482 contra

202 1531 222 1556 <t
254 1518 465 1558 tenorem
491 1511 785 1574 presencium
813 1511 984 1573 aliquid
1007 1516 1285 1574 attemptare
1307 1518 1598 1574 presumant,

203 1608 222 1634 α
253 1589 291 1636 si
321 1605 466 1652 penas
507 1605 675 1652 graves
714 1593 870 1634 nostra
907 1594 951 1635 et
987 1588 1187 1635 Ecclesie
1225 1589 1290 1635 eis
1329 1589 1604 1636 auctoritate

201 1684 222 1710 <t
255 1665 529 1729 infligendas
552 1665 744 1728 cupiunt
770 1681 862 1711 non
888 1665 1063 1712 subire.

266 1761 286 1786 <1
317 1746 374 1789 Et
406 1742 601 1805 insuper
644 1741 944 1797 mandamus,
991 1742 1262 1789 earumdem
1306 1741 1603 1804 presencium

202 1839 222 1864 «
251 1818 543 1874 auctoritate,
576 1818 806 1866 universis
836 1824 881 1865 et
909 1818 1101 1882 singulis
1127 1817 1394 1882 justiciariis
1425 1823 1471 1865 et
1502 1819 1605 1864 offi-

201 1915 220 1939 «
250 1895 442 1943 cialibus
470 1894 641 1942 nostris
660 1895 777 1942 infra
800 1895 967 1942 limites
986 1895 1222 1958 predictos
1242 1894 1523 1949 constitutis,
1553 1912 1605 1942 ac

202 1992 221 2016 «
253 1988 415 2019 eorum
437 1972 640 2027 cuilibet,
667 1974 884 2034 quatinus
902 1978 1088 2019 servato
1105 1978 1268 2019 tenore
1286 1972 1600 2035 presencium,

200 2069 219 2094 a
251 2055 391 2112 prout
423 2049 480 2096 ad
516 2049 770 2111 quemlibet
803 2065 966 2096 eorum
1000 2048 1269 2111 pertinebit,
1308 2064 1603 2111 quecumque

200 2145 220 2170 <1
249 2125 337 2173 hiis
376 2126 774 2188 deprehenderint
812 2143 865 2173 ac
906 2126 1122 2173 noverint
1163 2125 1453 2188 aliquatenus
1494 2141 1605 2172 con-

198 2222 218 2246 «
250 2202 409 2258 traire,
437 2202 590 2248 taliter
614 2202 822 2265 puniant,
853 2202 979 2265 quod
1007 2202 1142 2249 cedat
1168 2202 1334 2249 ceteris
1362 2201 1408 2248 in
1443 2218 1605 2249 exem-

200 2298 219 2323 «
254 2279 399 2341 plum.
435 2282 602 2326 Datum
635 2279 835 2326 Parisius
869 2279 955 2326 sub
990 2279 1136 2326 nostri
1169 2278 1303 2343 sigilli
1335 2277 1603 2325 testimonio

199 2375 219 2400 <t
249 2355 335 2402 hiis
367 2355 584 2418 appensi,
625 2355 699 2402 die
734 2356 859 2420 xxvij
896 2356 1067 2403 mensis
1093 2355 1224 2414 julii,
1261 2371 1382 2402 anno
1418 2354 1600 2402 Domini

199 2451 219 2476 «
250 2439 303 2479 Μ0
322 2432 428 2481 ccc⁰
445 2431 724 2487 LXXXXV1110,
754 2433 886 2496 regni
910 2449 1025 2480 vero
1054 2432 1198 2479 nostri
1229 2431 1375 2495 xviij⁰.
1408 2451 1428 2475 »

259 2507 434 2555 Deinde
459 2508 679 2572 magister
698 2509 996 2556 Tristrandus
1019 2508 1077 2556 de
1103 2508 1273 2556 Bosc01
1304 2514 1350 2555 et
1369 2508 1601 2555 Robertus

243 2679 275 2713 1.
298 2678 454 2714 Tristan
483 2678 532 2715 (lu
563 2678 671 2725 Bois,
702 2680 835 2726 prevot
863 2680 909 2716 de
938 2680 1082 2727 l’eglise
1110 2679 1287 2722 d’Arrus,
1317 2678 1521 2715 conseiller
1552 2690 1598 2715 au

195 2737 424 2784 parlement.
