1941 3294
308 219 375 256 '238
579 222 948 256 CHRONOGRAPHIA
973 223 1126 255 REGUM
1150 225 1430 257 FRANCORUM.
1601 223 1703 270 [1404

308 299 490 356 dente¹‚
515 299 774 346 Anthonius
798 299 856 346 de
881 298 1188 362 Regiateste2‚
1213 300 1356 348 frater
1381 303 1498 362 ejus,
1522 301 1635 350 abiit
1659 303 1705 350 in

304 375 604 424 Brabanciam
639 376 696 422 ad
731 376 963 423 ducissam
1001 375 1268 433 Brabancie,
1317 377 1506 424 amitam
1540 379 1704 426 matris

307 469 406 510 sue,
441 469 533 516 que
573 468 683 499 mox
725 468 953 499 consensu
991 451 1220 499 bonarum
1251 453 1466 500 villarum
1497 470 1703 512 suarum,

306 529 502 577 instituit
527 545 634 577 eum
665 529 1028 593 gubernatorem
1061 528 1211 591 patrie
1241 536 1288 577 et
1317 529 1524 587 demum,
1557 530 1709 579 decla-

306 604 455 651 rando
494 604 650 667 ipsum
697 603 795 650 fore
837 618 975 650 suum
1018 603 1240 650 heredem
1279 609 1325 650 et
1367 621 1704 663 successorem,

306 679 437 728 dedit
467 681 509 728 ei
548 680 767 728 ducatum
807 678 866 726 de
903 678 1167 743 Lemburgo
1205 680 1521 728 hereditaliter
1557 681 1709 745 possi-

307 756 561 804 dendum3.

372 841 437 884 Eo
471 843 582 884 tunc
618 836 921 883 Temurlanus
964 836 1023 884 ab
1063 837 1249 885 Oriente
1284 838 1535 902 Turquiam
1574 855 1709 902 repe-

305 920 426 969 tens,
456 929 558 960 eam
581 912 786 976 graviter
805 912 1064 960 devastavit
1083 918 1130 960 et
1155 913 1262 961 inde
1283 921 1444 962 contra
1464 914 1709 963 soldanum

305 989 541 1038 Babilonie
565 989 611 1035 in
633 988 816 1045 Siriam,
847 993 898 1036 ut
924 989 1094 1036 iterum
1120 1006 1221 1036 eam
1247 990 1576 1053 depopulando
1601 1008 1710 1054 pre-

305 1071 417 1122 mat,
448 1065 659 1112 similiter
685 1064 829 1112 vadit.
859 1067 919 1114 At
947 1081 1061 1111 vero
1088 1065 1307 1112 soldanus
1339 1066 1564 1129 magistro
1593 1069 1710 1113 Hos-

304 1142 457 1205 pitalis
501 1141 747 1189 Rodiensis
788 1147 833 1189 et
874 1141 1187 1189 confratribus
1228 1142 1324 1189 suis
1366 1142 1706 1206 Hospstalariis,

305 1225 554 1281 postquam
592 1217 764 1265 hiidem
799 1218 948 1282 xvijcim
985 1234 1127 1264 naves
1163 1219 1527 1266 sarracenorum
1561 1219 1710 1281 cepis-

305 1302 408 1343 sent
434 1296 479 1341 in
505 1294 689 1342 Rodum
713 1294 928 1351 insulam,
959 1294 1285 1343 embaxatores
1317 1312 1427 1343 suos
1459 1295 1617 1360 dirigit
1643 1301 1705 1353 et,

304 1378 355 1419 ut
387 1387 551 1434 pacem
584 1370 751 1418 habeat
781 1387 887 1418 cum
919 1370 1003 1428 eis,
1034 1370 1229 1418 domum
1267 1371 1517 1435 Hospitalis
1555 1373 1709 1420 Sancti

303 1447 524 1496 Johannis
562 1447 609 1494 in
641 1447 948 1503 Jherusalem‚
991 1446 1068 1494 ubi
1107 1447 1305 1494 condam
1340 1448 1504 1512 religio
1545 1464 1710 1496 eorum

304 1525 504 1588 sumpsit
526 1524 790 1581 exordium,
815 1524 882 1572 eis
901 1524 1058 1572 reddit
1077 1543 1088 1581 3
1117 1530 1163 1572 et
1183 1526 1402 1573 continuo
1422 1525 1480 1572 ad
1501 1542 1709 1574 commo-

303 1600 504 1648 randum
528 1601 629 1664 ipse
655 1601 878 1665 magister
909 1600 1028 1648 duos
1060 1599 1119 1647 de
1154 1600 1467 1649 confratribus
1486 1602 1595 1650 *suis
1620 1601 1711 1649 illic

304 1676 489 1725 mittere
516 1677 771 1724 decrevit4.

368 1763 564 1824 Insuper
583 1759 773 1823 quidam
792 1776 989 1824 magnus
1009 1766 1056 1807 et
1071 1765 1239 1823 potens
1258 1759 1476 1808 dominus
1496 1759 1555 1808 de
1579 1760 1709 1809 Gala-

303 1837 416 1895 thia,
439 1853 596 1884 comes
613 1840 810 1884 Lazarus
827 1854 852 1883 a
866 1837 1006 1901 vulgo
1023 1842 1334 1899 nuncupatus,
1356 1837 1436 1900 qui
1452 1845 1572 1886 xxvM
1597 1841 1710 1885 Tur-

304 1930 466 1962 corum
487 1913 532 1960 in
554 1913 676 1960 bello
702 1929 852 1976 nuper
871 1913 917 1960 in
937 1914 1211 1961 Romaniam
1231 1912 1449 1969 devicit5‚
1475 1913 1532 1960 ad
1550 1913 1710 1977 expel-

352 2094 385 2129 1.
417 2093 517 2129 Jean
549 2091 788 2129 Sans-Peur
816 2092 859 2128 fit
889 2103 959 2129 son
989 2093 1122 2130 entree
1155 2093 1177 2128 a.
1207 2092 1325 2140 Dijon
1359 2093 1395 2129 le
1427 2093 1469 2128 17
1500 2092 1586 2140 juin
1619 2093 1708 2130 1404

306 2152 363 2199 (E.
389 2152 509 2197 Petit,
536 2153 754 2187 Itineraires
777 2153 819 2186 de
846 2153 1208 2197 Plzilippe-le-Hardi
1236 2156 1268 2187 et
1294 2153 1336 2187 de
1363 2153 1455 2188 Jean
1481 2151 1707 2196 Sans-Peur,

306 2223 342 2259 p.
366 2211 460 2258 343).

351 2270 386 2306 ⁶2.
410 2268 582 2305 Antoine
602 2268 814 2316 Monsieur,
837 2274 962 2305 comte
983 2269 1028 2306 de
1048 2269 1201 2306 Rethel.

352 2329 385 2365 3.
410 2328 651 2372 Monstrelet‚
672 2333 700 2363 t.
722 2327 755 2373 Ι,
775 2338 813 2374 p.
835 2328 894 2364 90.

352 2389 386 2423 4.
410 2388 462 2423 Le
490 2387 619 2423 sultan
645 2378 844 2433 d’Egypte,
867 2397 954 2422 vers
986 2386 1021 2422 le
1053 2387 1186 2423 milieu
1216 2387 1261 2423 de
1292 2387 1444 2424 l'annee
1473 2387 1578 2433 1404,
1604 2387 1647 2423 fit
1672 2387 1709 2423 la

305 2446 394 2493 paix
421 2457 514 2482 avec
541 2446 597 2481 les
622 2444 832 2481 chevaliers
858 2444 902 2480 de
930 2444 1101 2491 Rhodes,
1122 2446 1206 2481 leur
1225 2451 1461 2492 permettant
1480 2445 1624 2482 d’avoir
1643 2445 1709 2482 des

305 2505 482 2552 hospices
503 2504 525 2539 a
543 2503 760 2539 Jerusalem
779 2508 816 2539 et
837 2503 859 2539 a
880 2503 1020 2539 Ramla
1039 2504 1095 2543 (E.
1118 2504 1162 2540 de
1184 2505 1340 2551 Muralt,
1361 2506 1465 2541 Essai
1487 2506 1528 2540 de
1553 2505 1709 2541 chrono-

308 2565 462 2609 9raphz'e
483 2564 692 2608 byzantina,
716 2567 743 2597 t.
766 2561 820 2608 H,
840 2573 876 2608 p.
900 2563 995 2599 785).

354 2624 387 2658 5.
408 2622 439 2658 Il
453 2634 478 2669 y
493 2633 514 2657 a
533 2622 570 2657 la
590 2632 666 2657 une
688 2622 875 2668 grossiere
897 2621 999 2657 faute
1021 2621 1064 2657 de
1088 2623 1347 2670 chronologie.
1364 2623 1419 2658 La
1434 2622 1593 2659 victoire
1614 2622 1709 2658 dans

313 2680 474 2727 laquelle
495 2681 652 2725 Lazare,
674 2679 781 2717 krale
801 2680 846 2716 de
869 2679 1018 2726 Serbie,
1040 2681 1145 2716 tailla
1165 2692 1214 2717 en
1233 2681 1361 2728 pieces
1383 2681 1515 2727 20,000
1534 2682 1709 2718 hommes
