<?xml version="1.0" encoding="UTF-8"?>
<!DOCTYPE html PUBLIC "-//W3C//DTD XHTML 1.0 Transitional//EN"
    "http://www.w3.org/TR/xhtml1/DTD/xhtml1-transitional.dtd">
<html xmlns="http://www.w3.org/1999/xhtml" xml:lang="en" lang="en">
 <head>
  <title>
</title>
<meta http-equiv="Content-Type" content="text/html;charset=utf-8" />
  <meta name='ocr-system' content='tesseract 3.04.00' />
  <meta name='ocr-capabilities' content='ocr_page ocr_carea ocr_par ocr_line ocrx_word'/>
</head>
<body>
  <div class='ocr_page' id='page_1' title='image "./chronographiareg03mora_0329.png"; bbox 0 0 1941 3294; ppageno 0'>
   <div class='ocr_carea' id='block_1_1' title="bbox 220 274 1614 323">
    <p class='ocr_par' dir='ltr' id='par_1_1' title="bbox 220 274 1614 323">
     <span class='ocr_line' id='line_1_1' title="bbox 220 274 1614 323; baseline -0.001 -11"><span class='ocrx_word' id='word_1_1' title='bbox 220 277 324 323; x_wconf 83' lang='lat'>1405]</span> <span class='ocrx_word' id='word_1_2' title='bbox 495 279 863 312; x_wconf 86' lang='lat' dir='ltr'><strong>CHRONOGRAPHIA</strong></span> <span class='ocrx_word' id='word_1_3' title='bbox 889 278 1040 311; x_wconf 86' lang='lat' dir='ltr'>REGUM</span> <span class='ocrx_word' id='word_1_4' title='bbox 1064 278 1342 310; x_wconf 85' lang='lat' dir='ltr'><strong>FRANCORUM.</strong></span> <span class='ocrx_word' id='word_1_5' title='bbox 1548 274 1614 310; x_wconf 69' lang='lat'>‘267</span> 
     </span>
    </p>
   </div>
   <div class='ocr_carea' id='block_1_2' title="bbox 219 353 1626 2789">
    <p class='ocr_par' dir='ltr' id='par_1_2' title="bbox 223 353 1621 647">
     <span class='ocr_line' id='line_1_2' title="bbox 223 353 1616 416; baseline -0.001 -16"><span class='ocrx_word' id='word_1_6' title='bbox 223 374 243 400; x_wconf 88' lang='lat'>«</span> <span class='ocrx_word' id='word_1_7' title='bbox 275 355 448 403; x_wconf 87' lang='lat' dir='ltr'>nullam</span> <span class='ocrx_word' id='word_1_8' title='bbox 473 355 644 403; x_wconf 89' lang='lat' dir='ltr'>habent</span> <span class='ocrx_word' id='word_1_9' title='bbox 668 354 955 402; x_wconf 87' lang='lat' dir='ltr'>audienciam</span> <span class='ocrx_word' id='word_1_10' title='bbox 981 354 1052 401; x_wconf 89' lang='lat' dir='ltr'>vel</span> <span class='ocrx_word' id='word_1_11' title='bbox 1079 353 1342 416; x_wconf 89' lang='lat' dir='ltr'>profectum</span> <span class='ocrx_word' id='word_1_12' title='bbox 1369 369 1453 400; x_wconf 89' lang='lat' dir='ltr'>nec</span> <span class='ocrx_word' id='word_1_13' title='bbox 1479 353 1616 400; x_wconf 89' lang='lat' dir='ltr'>etiam</span> 
     </span>
     <span class='ocr_line' id='line_1_3' title="bbox 224 430 1621 495; baseline 0 -19"><span class='ocrx_word' id='word_1_14' title='bbox 224 451 244 476; x_wconf 72' lang='lat'>&lt;1</span> <span class='ocrx_word' id='word_1_15' title='bbox 275 432 335 479; x_wconf 90' lang='lat' dir='ltr'>de</span> <span class='ocrx_word' id='word_1_16' title='bbox 354 431 577 495; x_wconf 77' lang='lat' dir='ltr'>predictis</span> <span class='ocrx_word' id='word_1_17' title='bbox 596 437 641 478; x_wconf 89' lang='lat' dir='ltr'>et</span> <span class='ocrx_word' id='word_1_18' title='bbox 660 431 759 478; x_wconf 88' lang='lat' dir='ltr'>aliis</span> <span class='ocrx_word' id='word_1_19' title='bbox 780 432 936 478; x_wconf 88' lang='lat' dir='ltr'>multis</span> <span class='ocrx_word' id='word_1_20' title='bbox 959 447 1049 494; x_wconf 90' lang='lat' dir='ltr'>que</span> <span class='ocrx_word' id='word_1_21' title='bbox 1069 435 1228 477; x_wconf 87' lang='lat' dir='ltr'>vestro</span> <span class='ocrx_word' id='word_1_22' title='bbox 1253 430 1419 477; x_wconf 92' lang='lat' dir='ltr'>honori</span> <span class='ocrx_word' id='word_1_23' title='bbox 1441 434 1621 493; x_wconf 92' lang='lat' dir='ltr'>ponunt</span> 
     </span>
     <span class='ocr_line' id='line_1_4' title="bbox 223 504 1619 568; baseline -0.001 -15"><span class='ocrx_word' id='word_1_24' title='bbox 223 527 244 553; x_wconf 73' lang='lat' dir='ltr'>c&lt;</span> <span class='ocrx_word' id='word_1_25' title='bbox 275 507 457 555; x_wconf 86' lang='lat' dir='ltr'>obicem</span> <span class='ocrx_word' id='word_1_26' title='bbox 483 507 706 556; x_wconf 78' lang='lat' dir='ltr'>auderent</span> <span class='ocrx_word' id='word_1_27' title='bbox 729 508 881 555; x_wconf 86' lang='lat' dir='ltr'>facere</span> <span class='ocrx_word' id='word_1_28' title='bbox 906 507 1190 554; x_wconf 85' lang='lat' dir='ltr'>mentionem</span> <span class='ocrx_word' id='word_1_29' title='bbox 1215 506 1473 554; x_wconf 84' lang='lat' dir='ltr'>secundum</span> <span class='ocrx_word' id='word_1_30' title='bbox 1492 504 1619 568; x_wconf 92' lang='lat' dir='ltr'>quod</span> 
     </span>
     <span class='ocr_line' id='line_1_5' title="bbox 223 590 456 647; baseline 0.009 -18"><span class='ocrx_word' id='word_1_31' title='bbox 223 604 243 629; x_wconf 73' lang='lat' dir='ltr'>c&lt;</span> <span class='ocrx_word' id='word_1_32' title='bbox 275 590 456 647; x_wconf 89' lang='lat' dir='ltr'>optant.</span> 
     </span>
    </p>

    <p class='ocr_par' dir='ltr' id='par_1_3' title="bbox 220 656 1624 1411">
     <span class='ocr_line' id='line_1_6' title="bbox 287 656 1619 724; baseline -0.001 -18"><span class='ocrx_word' id='word_1_33' title='bbox 287 680 308 705; x_wconf 71' lang='grc' dir='ltr'>ε(</span> <span class='ocrx_word' id='word_1_34' title='bbox 338 660 603 708; x_wconf 87' lang='lat' dir='ltr'>Secundum</span> <span class='ocrx_word' id='word_1_35' title='bbox 640 665 710 707; x_wconf 89' lang='lat' dir='ltr'>est</span> <span class='ocrx_word' id='word_1_36' title='bbox 742 660 800 707; x_wconf 91' lang='lat' dir='ltr'>de</span> <span class='ocrx_word' id='word_1_37' title='bbox 829 659 1011 724; x_wconf 86' lang='lat' dir='ltr'>justicia</span> <span class='ocrx_word' id='word_1_38' title='bbox 1045 659 1180 723; x_wconf 92' lang='lat' dir='ltr'>hujus</span> <span class='ocrx_word' id='word_1_39' title='bbox 1212 658 1345 723; x_wconf 84' lang='lat' dir='ltr'>regni</span> <span class='ocrx_word' id='word_1_40' title='bbox 1376 656 1504 722; x_wconf 90' lang='lat' dir='ltr'>quod</span> <span class='ocrx_word' id='word_1_41' title='bbox 1534 674 1619 722; x_wconf 91' lang='lat' dir='ltr'>pre</span> 
     </span>
     <span class='ocr_line' id='line_1_7' title="bbox 220 736 1616 801; baseline -0.001 -19"><span class='ocrx_word' id='word_1_42' title='bbox 220 757 240 782; x_wconf 76' lang='lat' dir='ltr'>c&lt;</span> <span class='ocrx_word' id='word_1_43' title='bbox 272 737 489 784; x_wconf 89' lang='lat' dir='ltr'>omnibus</span> <span class='ocrx_word' id='word_1_44' title='bbox 500 736 597 784; x_wconf 90' lang='lat' dir='ltr'>aliis</span> <span class='ocrx_word' id='word_1_45' title='bbox 608 737 764 800; x_wconf 83' lang='lat' dir='ltr'>regnis</span> <span class='ocrx_word' id='word_1_46' title='bbox 775 737 1013 800; x_wconf 87' lang='lat' dir='ltr'>optinebat</span> <span class='ocrx_word' id='word_1_47' title='bbox 1029 736 1131 801; x_wconf 76' lang='lat' dir='ltr'>(sic)</span> <span class='ocrx_word' id='word_1_48' title='bbox 1147 736 1460 799; x_wconf 81' lang='lat' dir='ltr'>principatum</span> <span class='ocrx_word' id='word_1_49' title='bbox 1470 752 1616 797; x_wconf 90' lang='lat' dir='ltr'>quan-</span> 
     </span>
     <span class='ocr_line' id='line_1_8' title="bbox 221 812 1621 876; baseline 0 -19"><span class='ocrx_word' id='word_1_50' title='bbox 221 833 241 857; x_wconf 81' lang='lat'>«</span> <span class='ocrx_word' id='word_1_51' title='bbox 271 819 371 861; x_wconf 89' lang='lat' dir='ltr'>tum</span> <span class='ocrx_word' id='word_1_52' title='bbox 392 814 450 860; x_wconf 87' lang='lat' dir='ltr'>ad</span> <span class='ocrx_word' id='word_1_53' title='bbox 471 812 570 876; x_wconf 89' lang='lat' dir='ltr'>ejus</span> <span class='ocrx_word' id='word_1_54' title='bbox 590 812 788 859; x_wconf 90' lang='lat' dir='ltr'>condam</span> <span class='ocrx_word' id='word_1_55' title='bbox 803 812 984 876; x_wconf 87' lang='lat' dir='ltr'>justicie</span> <span class='ocrx_word' id='word_1_56' title='bbox 1003 812 1210 860; x_wconf 80' lang='lat' dir='ltr'>debitam</span> <span class='ocrx_word' id='word_1_57' title='bbox 1226 812 1555 859; x_wconf 89' lang='lat' dir='ltr'>deductionem</span> <span class='ocrx_word' id='word_1_58' title='bbox 1575 816 1621 857; x_wconf 88' lang='lat' dir='ltr'>et</span> 
     </span>
     <span class='ocr_line' id='line_1_9' title="bbox 221 888 1622 953; baseline 0.001 -19"><span class='ocrx_word' id='word_1_59' title='bbox 221 909 241 934; x_wconf 83' lang='lat'>«</span> <span class='ocrx_word' id='word_1_60' title='bbox 274 890 614 937; x_wconf 86' lang='lat' dir='ltr'>executionem.</span> <span class='ocrx_word' id='word_1_61' title='bbox 645 893 738 936; x_wconf 90' lang='lat' dir='ltr'>Hec</span> <span class='ocrx_word' id='word_1_62' title='bbox 768 895 839 937; x_wconf 90' lang='lat' dir='ltr'>est</span> <span class='ocrx_word' id='word_1_63' title='bbox 874 889 997 937; x_wconf 91' lang='lat' dir='ltr'>enim</span> <span class='ocrx_word' id='word_1_64' title='bbox 1028 889 1159 953; x_wconf 81' lang='lat' dir='ltr'>regni</span> <span class='ocrx_word' id='word_1_65' title='bbox 1188 889 1332 936; x_wconf 76' lang='lat' dir='ltr'>vestri</span> <span class='ocrx_word' id='word_1_66' title='bbox 1367 888 1622 952; x_wconf 75' lang='lat' dir='ltr'>principale</span> 
     </span>
     <span class='ocr_line' id='line_1_10' title="bbox 221 964 1621 1029; baseline -0.001 -17"><span class='ocrx_word' id='word_1_67' title='bbox 221 985 242 1011; x_wconf 71' lang='grc' dir='ltr'><em>α</em></span> <span class='ocrx_word' id='word_1_68' title='bbox 273 966 648 1022; x_wconf 85' lang='lat' dir='ltr'>fundamentum;</span> <span class='ocrx_word' id='word_1_69' title='bbox 679 983 784 1013; x_wconf 90' lang='lat' dir='ltr'>nam</span> <span class='ocrx_word' id='word_1_70' title='bbox 812 965 1055 1013; x_wconf 85' lang='lat' dir='ltr'>retroactis</span> <span class='ocrx_word' id='word_1_71' title='bbox 1076 966 1386 1029; x_wconf 86' lang='lat' dir='ltr'>temporibus,</span> <span class='ocrx_word' id='word_1_72' title='bbox 1411 964 1621 1012; x_wconf 88' lang='lat' dir='ltr'>officiarii</span> 
     </span>
     <span class='ocr_line' id='line_1_11' title="bbox 222 1042 1617 1106; baseline 0.001 -19"><span class='ocrx_word' id='word_1_73' title='bbox 222 1062 242 1087; x_wconf 67' lang='lat'>&lt;1</span> <span class='ocrx_word' id='word_1_74' title='bbox 273 1042 417 1090; x_wconf 86' lang='lat' dir='ltr'>vestri</span> <span class='ocrx_word' id='word_1_75' title='bbox 444 1042 741 1090; x_wconf 82' lang='lat' dir='ltr'>notabiliores</span> <span class='ocrx_word' id='word_1_76' title='bbox 765 1042 938 1090; x_wconf 88' lang='lat' dir='ltr'>fiebant</span> <span class='ocrx_word' id='word_1_77' title='bbox 964 1059 1050 1106; x_wconf 89' lang='lat' dir='ltr'>per</span> <span class='ocrx_word' id='word_1_78' title='bbox 1075 1048 1308 1090; x_wconf 89' lang='lat' dir='ltr'>maturam</span> <span class='ocrx_word' id='word_1_79' title='bbox 1327 1043 1617 1096; x_wconf 84' lang='lat' dir='ltr'>electionem,</span> 
     </span>
     <span class='ocr_line' id='line_1_12' title="bbox 221 1118 1623 1183; baseline 0 -18"><span class='ocrx_word' id='word_1_80' title='bbox 221 1139 240 1164; x_wconf 67' lang='grc' dir='ltr'>(ι</span> <span class='ocrx_word' id='word_1_81' title='bbox 272 1119 351 1182; x_wconf 87' lang='lat' dir='ltr'>qui</span> <span class='ocrx_word' id='word_1_82' title='bbox 369 1124 523 1166; x_wconf 88' lang='lat' dir='ltr'>vestra</span> <span class='ocrx_word' id='word_1_83' title='bbox 532 1119 636 1183; x_wconf 92' lang='lat' dir='ltr'>jura</span> <span class='ocrx_word' id='word_1_84' title='bbox 651 1125 908 1176; x_wconf 85' lang='lat' dir='ltr'>servarent,</span> <span class='ocrx_word' id='word_1_85' title='bbox 927 1119 1236 1181; x_wconf 90' lang='lat' dir='ltr'>omnibusque</span> <span class='ocrx_word' id='word_1_86' title='bbox 1250 1125 1346 1166; x_wconf 86' lang='lat' dir='ltr'>tam</span> <span class='ocrx_word' id='word_1_87' title='bbox 1367 1118 1623 1183; x_wconf 87' lang='lat' dir='ltr'>majoribus</span> 
     </span>
     <span class='ocr_line' id='line_1_13' title="bbox 221 1193 1624 1258; baseline 0.001 -20"><span class='ocrx_word' id='word_1_88' title='bbox 221 1214 241 1238; x_wconf 78' lang='lat' dir='ltr'>c&lt;</span> <span class='ocrx_word' id='word_1_89' title='bbox 274 1210 416 1257; x_wconf 89' lang='lat' dir='ltr'>quam</span> <span class='ocrx_word' id='word_1_90' title='bbox 450 1193 710 1242; x_wconf 88' lang='lat' dir='ltr'>minoribus</span> <span class='ocrx_word' id='word_1_91' title='bbox 733 1194 956 1257; x_wconf 77' lang='lat' dir='ltr'>equaliter</span> <span class='ocrx_word' id='word_1_92' title='bbox 977 1194 1210 1258; x_wconf 83' lang='lat' dir='ltr'>justiciam</span> <span class='ocrx_word' id='word_1_93' title='bbox 1242 1194 1463 1241; x_wconf 86' lang='lat' dir='ltr'>facerent.</span> <span class='ocrx_word' id='word_1_94' title='bbox 1494 1196 1624 1240; x_wconf 90' lang='lat' dir='ltr'>Nunc</span> 
     </span>
     <span class='ocr_line' id='line_1_14' title="bbox 221 1269 1624 1333; baseline -0.001 -17"><span class='ocrx_word' id='word_1_95' title='bbox 221 1291 242 1316; x_wconf 69' lang='grc' dir='ltr'>α</span> <span class='ocrx_word' id='word_1_96' title='bbox 273 1276 429 1318; x_wconf 90' lang='lat' dir='ltr'>autem</span> <span class='ocrx_word' id='word_1_97' title='bbox 448 1276 519 1318; x_wconf 88' lang='lat' dir='ltr'>est</span> <span class='ocrx_word' id='word_1_98' title='bbox 537 1271 686 1327; x_wconf 87' lang='lat' dir='ltr'>aliter,</span> <span class='ocrx_word' id='word_1_99' title='bbox 710 1271 827 1318; x_wconf 90' lang='lat' dir='ltr'>fiunt</span> <span class='ocrx_word' id='word_1_100' title='bbox 845 1287 931 1333; x_wconf 92' lang='lat' dir='ltr'>per</span> <span class='ocrx_word' id='word_1_101' title='bbox 947 1287 1112 1333; x_wconf 88' lang='lat' dir='ltr'>preces</span> <span class='ocrx_word' id='word_1_102' title='bbox 1133 1276 1178 1317; x_wconf 87' lang='lat' dir='ltr'>et</span> <span class='ocrx_word' id='word_1_103' title='bbox 1198 1270 1320 1317; x_wconf 90' lang='lat' dir='ltr'>dona</span> <span class='ocrx_word' id='word_1_104' title='bbox 1345 1287 1354 1315; x_wconf 93' lang='lat'>:</span> <span class='ocrx_word' id='word_1_105' title='bbox 1380 1269 1502 1316; x_wconf 91' lang='lat' dir='ltr'>unde</span> <span class='ocrx_word' id='word_1_106' title='bbox 1519 1285 1624 1316; x_wconf 87' lang='lat' dir='ltr'>ves-</span> 
     </span>
     <span class='ocr_line' id='line_1_15' title="bbox 220 1347 1585 1411; baseline 0 -19"><span class='ocrx_word' id='word_1_107' title='bbox 220 1367 239 1392; x_wconf 75' lang='lat'>«</span> <span class='ocrx_word' id='word_1_108' title='bbox 271 1353 343 1395; x_wconf 88' lang='lat' dir='ltr'>tra</span> <span class='ocrx_word' id='word_1_109' title='bbox 360 1348 466 1411; x_wconf 87' lang='lat' dir='ltr'>jura</span> <span class='ocrx_word' id='word_1_110' title='bbox 490 1347 771 1403; x_wconf 86' lang='lat' dir='ltr'>diminuunt,</span> <span class='ocrx_word' id='word_1_111' title='bbox 802 1347 1096 1410; x_wconf 90' lang='lat' dir='ltr'>populusque</span> <span class='ocrx_word' id='word_1_112' title='bbox 1121 1347 1318 1394; x_wconf 88' lang='lat' dir='ltr'>multum</span> <span class='ocrx_word' id='word_1_113' title='bbox 1344 1351 1585 1410; x_wconf 81' lang='lat' dir='ltr'>gravatur.</span> 
     </span>
    </p>

    <p class='ocr_par' dir='ltr' id='par_1_4' title="bbox 220 1421 1624 1792">
     <span class='ocr_line' id='line_1_16' title="bbox 285 1421 1623 1485; baseline 0 -17"><span class='ocrx_word' id='word_1_114' title='bbox 285 1442 305 1467; x_wconf 72' lang='lat'>&lt;1</span> <span class='ocrx_word' id='word_1_115' title='bbox 339 1422 548 1469; x_wconf 90' lang='lat' dir='ltr'>Tercium</span> <span class='ocrx_word' id='word_1_116' title='bbox 584 1429 655 1470; x_wconf 88' lang='lat' dir='ltr'>est</span> <span class='ocrx_word' id='word_1_117' title='bbox 686 1422 744 1469; x_wconf 91' lang='lat' dir='ltr'>de</span> <span class='ocrx_word' id='word_1_118' title='bbox 776 1422 994 1470; x_wconf 87' lang='lat' dir='ltr'>domanio</span> <span class='ocrx_word' id='word_1_119' title='bbox 1032 1429 1210 1479; x_wconf 85' lang='lat' dir='ltr'>vestro,</span> <span class='ocrx_word' id='word_1_120' title='bbox 1256 1422 1366 1485; x_wconf 90' lang='lat' dir='ltr'>quia</span> <span class='ocrx_word' id='word_1_121' title='bbox 1402 1422 1465 1468; x_wconf 89' lang='lat' dir='ltr'>ita</span> <span class='ocrx_word' id='word_1_122' title='bbox 1503 1421 1623 1468; x_wconf 88' lang='lat' dir='ltr'>male</span> 
     </span>
     <span class='ocr_line' id='line_1_17' title="bbox 221 1497 1624 1563; baseline 0 -19"><span class='ocrx_word' id='word_1_123' title='bbox 221 1518 240 1543; x_wconf 88' lang='lat'>«</span> <span class='ocrx_word' id='word_1_124' title='bbox 273 1499 452 1563; x_wconf 84' lang='lat' dir='ltr'>regitur</span> <span class='ocrx_word' id='word_1_125' title='bbox 472 1498 599 1562; x_wconf 89' lang='lat' dir='ltr'>quod</span> <span class='ocrx_word' id='word_1_126' title='bbox 624 1499 768 1546; x_wconf 86' lang='lat' dir='ltr'>multa</span> <span class='ocrx_word' id='word_1_127' title='bbox 785 1504 954 1555; x_wconf 90' lang='lat' dir='ltr'>castra,</span> <span class='ocrx_word' id='word_1_128' title='bbox 978 1498 1146 1546; x_wconf 91' lang='lat' dir='ltr'>domus</span> <span class='ocrx_word' id='word_1_129' title='bbox 1166 1504 1213 1545; x_wconf 89' lang='lat' dir='ltr'>et</span> <span class='ocrx_word' id='word_1_130' title='bbox 1233 1498 1412 1546; x_wconf 87' lang='lat' dir='ltr'>edificia</span> <span class='ocrx_word' id='word_1_131' title='bbox 1438 1497 1624 1545; x_wconf 89' lang='lat' dir='ltr'>ruinam</span> 
     </span>
     <span class='ocr_line' id='line_1_18' title="bbox 220 1573 1620 1638; baseline 0.001 -19"><span class='ocrx_word' id='word_1_132' title='bbox 220 1594 240 1619; x_wconf 71' lang='grc' dir='ltr'>(ε</span> <span class='ocrx_word' id='word_1_133' title='bbox 273 1575 542 1638; x_wconf 84' lang='lat' dir='ltr'>paciuntur3</span> <span class='ocrx_word' id='word_1_134' title='bbox 564 1575 775 1623; x_wconf 87' lang='lat' dir='ltr'>similiter</span> <span class='ocrx_word' id='word_1_135' title='bbox 794 1592 1003 1632; x_wconf 89' lang='lat' dir='ltr'>nemora,</span> <span class='ocrx_word' id='word_1_136' title='bbox 1027 1576 1171 1629; x_wconf 87' lang='lat' dir='ltr'>fluvii,</span> <span class='ocrx_word' id='word_1_137' title='bbox 1196 1581 1378 1638; x_wconf 83' lang='lat' dir='ltr'>stagna,</span> <span class='ocrx_word' id='word_1_138' title='bbox 1398 1573 1620 1631; x_wconf 85' lang='lat' dir='ltr'>nundine,</span> 
     </span>
     <span class='ocr_line' id='line_1_19' title="bbox 221 1651 1624 1715; baseline 0 -18"><span class='ocrx_word' id='word_1_139' title='bbox 221 1671 241 1696; x_wconf 89' lang='lat'>&lt;‹</span> <span class='ocrx_word' id='word_1_140' title='bbox 273 1652 484 1699; x_wconf 88' lang='lat' dir='ltr'>redditus</span> <span class='ocrx_word' id='word_1_141' title='bbox 509 1657 555 1699; x_wconf 90' lang='lat' dir='ltr'>et</span> <span class='ocrx_word' id='word_1_142' title='bbox 585 1652 864 1715; x_wconf 81' lang='lat' dir='ltr'>generaliter</span> <span class='ocrx_word' id='word_1_143' title='bbox 889 1652 1021 1714; x_wconf 83' lang='lat' dir='ltr'>quasi</span> <span class='ocrx_word' id='word_1_144' title='bbox 1052 1668 1190 1698; x_wconf 89' lang='lat' dir='ltr'>omne</span> <span class='ocrx_word' id='word_1_145' title='bbox 1222 1651 1492 1698; x_wconf 90' lang='lat' dir='ltr'>domanium</span> <span class='ocrx_word' id='word_1_146' title='bbox 1519 1667 1624 1697; x_wconf 90' lang='lat' dir='ltr'>ves-</span> 
     </span>
     <span class='ocr_line' id='line_1_20' title="bbox 220 1727 1480 1792; baseline 0.001 -19"><span class='ocrx_word' id='word_1_147' title='bbox 220 1747 241 1773; x_wconf 75' lang='lat'>«</span> <span class='ocrx_word' id='word_1_148' title='bbox 272 1733 400 1776; x_wconf 91' lang='lat' dir='ltr'>trum</span> <span class='ocrx_word' id='word_1_149' title='bbox 426 1745 512 1792; x_wconf 91' lang='lat' dir='ltr'>pre</span> <span class='ocrx_word' id='word_1_150' title='bbox 537 1728 677 1775; x_wconf 89' lang='lat' dir='ltr'>nimia</span> <span class='ocrx_word' id='word_1_151' title='bbox 703 1728 1011 1776; x_wconf 88' lang='lat' dir='ltr'>diminutione</span> <span class='ocrx_word' id='word_1_152' title='bbox 1036 1728 1222 1776; x_wconf 89' lang='lat' dir='ltr'>videtur</span> <span class='ocrx_word' id='word_1_153' title='bbox 1247 1727 1480 1791; x_wconf 88' lang='lat' dir='ltr'>deperire.</span> 
     </span>
    </p>

    <p class='ocr_par' dir='ltr' id='par_1_5' title="bbox 219 1803 1626 2789">
     <span class='ocr_line' id='line_1_21' title="bbox 287 1803 1625 1869; baseline 0.001 -19"><span class='ocrx_word' id='word_1_154' title='bbox 287 1823 307 1849; x_wconf 88' lang='lat'>«</span> <span class='ocrx_word' id='word_1_155' title='bbox 339 1806 563 1861; x_wconf 85' lang='lat' dir='ltr'>Quartum</span> <span class='ocrx_word' id='word_1_156' title='bbox 594 1810 819 1869; x_wconf 89' lang='lat' dir='ltr'>punctum</span> <span class='ocrx_word' id='word_1_157' title='bbox 858 1811 929 1852; x_wconf 91' lang='lat' dir='ltr'>est</span> <span class='ocrx_word' id='word_1_158' title='bbox 953 1805 1011 1852; x_wconf 90' lang='lat' dir='ltr'>de</span> <span class='ocrx_word' id='word_1_159' title='bbox 1043 1804 1266 1861; x_wconf 84' lang='lat' dir='ltr'>ecclesiis,</span> <span class='ocrx_word' id='word_1_160' title='bbox 1310 1803 1544 1851; x_wconf 89' lang='lat' dir='ltr'>nobilibus</span> <span class='ocrx_word' id='word_1_161' title='bbox 1579 1810 1625 1851; x_wconf 91' lang='lat' dir='ltr'>et</span> 
     </span>
     <span class='ocr_line' id='line_1_22' title="bbox 220 1880 1620 1946; baseline 0.001 -20"><span class='ocrx_word' id='word_1_162' title='bbox 220 1902 240 1926; x_wconf 81' lang='lat'>«</span> <span class='ocrx_word' id='word_1_163' title='bbox 272 1882 463 1946; x_wconf 88' lang='lat' dir='ltr'>populo.</span> <span class='ocrx_word' id='word_1_164' title='bbox 499 1886 555 1930; x_wconf 89' lang='lat' dir='ltr'>Et</span> <span class='ocrx_word' id='word_1_165' title='bbox 590 1882 767 1945; x_wconf 91' lang='lat' dir='ltr'>primo,</span> <span class='ocrx_word' id='word_1_166' title='bbox 798 1887 1024 1945; x_wconf 85' lang='lat' dir='ltr'>quantum</span> <span class='ocrx_word' id='word_1_167' title='bbox 1061 1881 1119 1929; x_wconf 89' lang='lat' dir='ltr'>ad</span> <span class='ocrx_word' id='word_1_168' title='bbox 1154 1880 1367 1928; x_wconf 88' lang='lat' dir='ltr'>homines</span> <span class='ocrx_word' id='word_1_169' title='bbox 1400 1880 1620 1937; x_wconf 90' lang='lat' dir='ltr'>Ecclesie‚</span> 
     </span>
     <span class='ocr_line' id='line_1_23' title="bbox 219 1957 1626 2021; baseline 0.001 -19"><span class='ocrx_word' id='word_1_170' title='bbox 219 1978 239 2002; x_wconf 91' lang='lat'>«</span> <span class='ocrx_word' id='word_1_171' title='bbox 271 1963 435 2005; x_wconf 89' lang='lat' dir='ltr'>notum</span> <span class='ocrx_word' id='word_1_172' title='bbox 449 1963 519 2005; x_wconf 89' lang='lat' dir='ltr'>est</span> <span class='ocrx_word' id='word_1_173' title='bbox 533 1958 658 2021; x_wconf 90' lang='lat' dir='ltr'>quod</span> <span class='ocrx_word' id='word_1_174' title='bbox 671 1958 869 2005; x_wconf 88' lang='lat' dir='ltr'>multum</span> <span class='ocrx_word' id='word_1_175' title='bbox 880 1958 1212 2021; x_wconf 85' lang='lat' dir='ltr'>opprimuntur</span> <span class='ocrx_word' id='word_1_176' title='bbox 1223 1963 1270 2004; x_wconf 91' lang='lat' dir='ltr'>et</span> <span class='ocrx_word' id='word_1_177' title='bbox 1282 1957 1424 2004; x_wconf 89' lang='lat' dir='ltr'>multa</span> <span class='ocrx_word' id='word_1_178' title='bbox 1436 1957 1626 2020; x_wconf 87' lang='lat' dir='ltr'>paciun-</span> 
     </span>
     <span class='ocr_line' id='line_1_24' title="bbox 220 2033 1625 2099; baseline 0.001 -19"><span class='ocrx_word' id='word_1_179' title='bbox 220 2054 240 2078; x_wconf 82' lang='lat'>«</span> <span class='ocrx_word' id='word_1_180' title='bbox 270 2040 348 2082; x_wconf 89' lang='lat' dir='ltr'>tur</span> <span class='ocrx_word' id='word_1_181' title='bbox 380 2034 582 2097; x_wconf 89' lang='lat' dir='ltr'>dampna</span> <span class='ocrx_word' id='word_1_182' title='bbox 621 2042 716 2082; x_wconf 87' lang='lat' dir='ltr'>tam</span> <span class='ocrx_word' id='word_1_183' title='bbox 752 2053 778 2082; x_wconf 88' lang='lat' dir='ltr'>a</span> <span class='ocrx_word' id='word_1_184' title='bbox 810 2034 1045 2099; x_wconf 84' lang='lat' dir='ltr'>judicibus</span> <span class='ocrx_word' id='word_1_185' title='bbox 1086 2050 1227 2096; x_wconf 90' lang='lat' dir='ltr'>quam</span> <span class='ocrx_word' id='word_1_186' title='bbox 1264 2034 1323 2081; x_wconf 89' lang='lat' dir='ltr'>ab</span> <span class='ocrx_word' id='word_1_187' title='bbox 1359 2033 1625 2081; x_wconf 88' lang='lat' dir='ltr'>hominibus</span> 
     </span>
     <span class='ocr_line' id='line_1_25' title="bbox 220 2109 1626 2173; baseline 0.001 -19"><span class='ocrx_word' id='word_1_188' title='bbox 220 2129 240 2153; x_wconf 69' lang='lat' dir='ltr'>&lt;x</span> <span class='ocrx_word' id='word_1_189' title='bbox 271 2126 511 2157; x_wconf 88' lang='lat' dir='ltr'>armorum</span> <span class='ocrx_word' id='word_1_190' title='bbox 538 2116 583 2158; x_wconf 87' lang='lat' dir='ltr'>et</span> <span class='ocrx_word' id='word_1_191' title='bbox 609 2110 804 2158; x_wconf 87' lang='lat' dir='ltr'>aliorum</span> <span class='ocrx_word' id='word_1_192' title='bbox 829 2110 909 2173; x_wconf 89' lang='lat' dir='ltr'>qui</span> <span class='ocrx_word' id='word_1_193' title='bbox 931 2109 1083 2157; x_wconf 87' lang='lat' dir='ltr'>victus</span> <span class='ocrx_word' id='word_1_194' title='bbox 1108 2126 1273 2156; x_wconf 88' lang='lat' dir='ltr'>eorum</span> <span class='ocrx_word' id='word_1_195' title='bbox 1300 2114 1346 2156; x_wconf 91' lang='lat' dir='ltr'>et</span> <span class='ocrx_word' id='word_1_196' title='bbox 1372 2109 1494 2156; x_wconf 89' lang='lat' dir='ltr'>bona</span> <span class='ocrx_word' id='word_1_197' title='bbox 1513 2109 1626 2156; x_wconf 89' lang='lat' dir='ltr'>diri-</span> 
     </span>
     <span class='ocr_line' id='line_1_26' title="bbox 222 2186 1625 2250; baseline 0.002 -20"><span class='ocrx_word' id='word_1_198' title='bbox 222 2205 242 2230; x_wconf 83' lang='lat'>«</span> <span class='ocrx_word' id='word_1_199' title='bbox 274 2186 407 2249; x_wconf 89' lang='lat' dir='ltr'>piunt</span> <span class='ocrx_word' id='word_1_200' title='bbox 438 2203 695 2250; x_wconf 86' lang='lat' dir='ltr'>eorumque</span> <span class='ocrx_word' id='word_1_201' title='bbox 721 2187 889 2235; x_wconf 87' lang='lat' dir='ltr'>domus</span> <span class='ocrx_word' id='word_1_202' title='bbox 922 2203 974 2234; x_wconf 91' lang='lat' dir='ltr'>ac</span> <span class='ocrx_word' id='word_1_203' title='bbox 1006 2187 1126 2234; x_wconf 88' lang='lat' dir='ltr'>bona</span> <span class='ocrx_word' id='word_1_204' title='bbox 1158 2187 1217 2234; x_wconf 87' lang='lat' dir='ltr'>ad</span> <span class='ocrx_word' id='word_1_205' title='bbox 1250 2186 1625 2249; x_wconf 87' lang='lat' dir='ltr'>redemptionem</span> 
     </span>
     <span class='ocr_line' id='line_1_27' title="bbox 221 2263 1624 2328; baseline 0.002 -21"><span class='ocrx_word' id='word_1_206' title='bbox 221 2281 241 2306; x_wconf 74' lang='lat' dir='ltr'>&lt;t</span> <span class='ocrx_word' id='word_1_207' title='bbox 270 2269 468 2325; x_wconf 87' lang='lat' dir='ltr'>ponunt,</span> <span class='ocrx_word' id='word_1_208' title='bbox 490 2263 555 2310; x_wconf 89' lang='lat' dir='ltr'>sic</span> <span class='ocrx_word' id='word_1_209' title='bbox 569 2264 695 2326; x_wconf 84' lang='lat' dir='ltr'>quod</span> <span class='ocrx_word' id='word_1_210' title='bbox 714 2264 845 2311; x_wconf 88' lang='lat' dir='ltr'>multi</span> <span class='ocrx_word' id='word_1_211' title='bbox 862 2263 998 2328; x_wconf 88' lang='lat' dir='ltr'>hujus</span> <span class='ocrx_word' id='word_1_212' title='bbox 1017 2280 1153 2311; x_wconf 86' lang='lat' dir='ltr'>causa</span> <span class='ocrx_word' id='word_1_213' title='bbox 1174 2263 1251 2309; x_wconf 87' lang='lat' dir='ltr'>vix</span> <span class='ocrx_word' id='word_1_214' title='bbox 1268 2263 1441 2310; x_wconf 89' lang='lat' dir='ltr'>habent</span> <span class='ocrx_word' id='word_1_215' title='bbox 1457 2263 1516 2310; x_wconf 92' lang='lat' dir='ltr'>de</span> <span class='ocrx_word' id='word_1_216' title='bbox 1530 2279 1624 2325; x_wconf 90' lang='lat' dir='ltr'>quo</span> 
     </span>
     <span class='ocr_line' id='line_1_28' title="bbox 221 2339 1624 2388; baseline 0.002 -4"><span class='ocrx_word' id='word_1_217' title='bbox 221 2358 241 2383; x_wconf 73' lang='grc' dir='ltr'>ε(</span> <span class='ocrx_word' id='word_1_218' title='bbox 275 2339 433 2387; x_wconf 83' lang='lat' dir='ltr'>vivant</span> <span class='ocrx_word' id='word_1_219' title='bbox 455 2346 500 2387; x_wconf 88' lang='lat' dir='ltr'>et</span> <span class='ocrx_word' id='word_1_220' title='bbox 523 2340 705 2387; x_wconf 89' lang='lat' dir='ltr'>valeant</span> <span class='ocrx_word' id='word_1_221' title='bbox 727 2341 937 2388; x_wconf 88' lang='lat' dir='ltr'>divinum</span> <span class='ocrx_word' id='word_1_222' title='bbox 963 2341 1113 2388; x_wconf 84' lang='lat' dir='ltr'>facere</span> <span class='ocrx_word' id='word_1_223' title='bbox 1140 2339 1407 2387; x_wconf 86' lang='lat' dir='ltr'>servicium.</span> <span class='ocrx_word' id='word_1_224' title='bbox 1437 2339 1624 2387; x_wconf 90' lang='lat' dir='ltr'>Nobiles</span> 
     </span>
     <span class='ocr_line' id='line_1_29' title="bbox 220 2416 1624 2481; baseline 0.002 -20"><span class='ocrx_word' id='word_1_225' title='bbox 220 2434 240 2460; x_wconf 84' lang='lat'>«</span> <span class='ocrx_word' id='word_1_226' title='bbox 272 2416 418 2463; x_wconf 87' lang='lat' dir='ltr'>eciam</span> <span class='ocrx_word' id='word_1_227' title='bbox 440 2434 549 2480; x_wconf 88' lang='lat' dir='ltr'>sepe</span> <span class='ocrx_word' id='word_1_228' title='bbox 571 2417 849 2465; x_wconf 82' lang='lat' dir='ltr'>mandantur</span> <span class='ocrx_word' id='word_1_229' title='bbox 869 2418 956 2465; x_wconf 90' lang='lat' dir='ltr'>sub</span> <span class='ocrx_word' id='word_1_230' title='bbox 982 2418 1148 2465; x_wconf 87' lang='lat' dir='ltr'>umbra</span> <span class='ocrx_word' id='word_1_231' title='bbox 1173 2433 1344 2481; x_wconf 82' lang='lat' dir='ltr'>guerre</span> <span class='ocrx_word' id='word_1_232' title='bbox 1365 2423 1539 2473; x_wconf 87' lang='lat' dir='ltr'>vestre,</span> <span class='ocrx_word' id='word_1_233' title='bbox 1564 2416 1624 2464; x_wconf 85' lang='lat' dir='ltr'>de</span> 
     </span>
     <span class='ocr_line' id='line_1_30' title="bbox 220 2493 1623 2558; baseline 0.001 -19"><span class='ocrx_word' id='word_1_234' title='bbox 220 2512 240 2537; x_wconf 70' lang='grc' dir='ltr'>α</span> <span class='ocrx_word' id='word_1_235' title='bbox 271 2510 365 2556; x_wconf 90' lang='lat' dir='ltr'>quo</span> <span class='ocrx_word' id='word_1_236' title='bbox 390 2495 519 2557; x_wconf 88' lang='lat' dir='ltr'>quasi</span> <span class='ocrx_word' id='word_1_237' title='bbox 547 2495 696 2542; x_wconf 89' lang='lat' dir='ltr'>nullos</span> <span class='ocrx_word' id='word_1_238' title='bbox 726 2495 953 2558; x_wconf 86' lang='lat' dir='ltr'>recipiunt</span> <span class='ocrx_word' id='word_1_239' title='bbox 981 2495 1222 2550; x_wconf 82' lang='lat' dir='ltr'>denarios3</span> <span class='ocrx_word' id='word_1_240' title='bbox 1257 2493 1388 2540; x_wconf 88' lang='lat' dir='ltr'>multi</span> <span class='ocrx_word' id='word_1_241' title='bbox 1416 2494 1540 2540; x_wconf 88' lang='lat' dir='ltr'>enim</span> <span class='ocrx_word' id='word_1_242' title='bbox 1564 2494 1623 2541; x_wconf 89' lang='lat' dir='ltr'>ad</span> 
     </span>
     <span class='ocr_line' id='line_1_31' title="bbox 220 2571 1624 2635; baseline 0 -18"><span class='ocrx_word' id='word_1_243' title='bbox 220 2591 240 2617; x_wconf 80' lang='lat'>«</span> <span class='ocrx_word' id='word_1_244' title='bbox 272 2571 524 2619; x_wconf 88' lang='lat' dir='ltr'>emendum</span> <span class='ocrx_word' id='word_1_245' title='bbox 545 2588 692 2634; x_wconf 86' lang='lat' dir='ltr'>equos</span> <span class='ocrx_word' id='word_1_246' title='bbox 712 2578 758 2619; x_wconf 89' lang='lat' dir='ltr'>et</span> <span class='ocrx_word' id='word_1_247' title='bbox 778 2588 905 2619; x_wconf 88' lang='lat' dir='ltr'>arma</span> <span class='ocrx_word' id='word_1_248' title='bbox 926 2578 971 2619; x_wconf 90' lang='lat' dir='ltr'>et</span> <span class='ocrx_word' id='word_1_249' title='bbox 991 2589 1044 2619; x_wconf 91' lang='lat' dir='ltr'>ea</span> <span class='ocrx_word' id='word_1_250' title='bbox 1061 2589 1152 2635; x_wconf 89' lang='lat' dir='ltr'>que</span> <span class='ocrx_word' id='word_1_251' title='bbox 1173 2576 1385 2634; x_wconf 87' lang='lat' dir='ltr'>spectant</span> <span class='ocrx_word' id='word_1_252' title='bbox 1404 2571 1463 2618; x_wconf 90' lang='lat' dir='ltr'>ad</span> <span class='ocrx_word' id='word_1_253' title='bbox 1484 2587 1624 2634; x_wconf 83' lang='lat' dir='ltr'>guer-</span> 
     </span>
     <span class='ocr_line' id='line_1_32' title="bbox 220 2648 1622 2713; baseline 0.001 -20"><span class='ocrx_word' id='word_1_254' title='bbox 220 2667 242 2693; x_wconf 70' lang='grc' dir='ltr'><strong>α</strong></span> <span class='ocrx_word' id='word_1_255' title='bbox 273 2665 391 2705; x_wconf 90' lang='lat' dir='ltr'>ram,</span> <span class='ocrx_word' id='word_1_256' title='bbox 410 2648 619 2696; x_wconf 89' lang='lat' dir='ltr'>vendunt</span> <span class='ocrx_word' id='word_1_257' title='bbox 633 2665 687 2696; x_wconf 88' lang='lat' dir='ltr'>ea</span> <span class='ocrx_word' id='word_1_258' title='bbox 700 2665 791 2711; x_wconf 90' lang='lat' dir='ltr'>que</span> <span class='ocrx_word' id='word_1_259' title='bbox 806 2648 993 2706; x_wconf 88' lang='lat' dir='ltr'>habent,</span> <span class='ocrx_word' id='word_1_260' title='bbox 1011 2665 1117 2697; x_wconf 90' lang='lat' dir='ltr'>cum</span> <span class='ocrx_word' id='word_1_261' title='bbox 1135 2648 1237 2713; x_wconf 79' lang='lat' dir='ltr'>(sic)</span> <span class='ocrx_word' id='word_1_262' title='bbox 1255 2654 1300 2695; x_wconf 86' lang='lat' dir='ltr'>et</span> <span class='ocrx_word' id='word_1_263' title='bbox 1315 2648 1517 2711; x_wconf 88' lang='lat' dir='ltr'>dampna</span> <span class='ocrx_word' id='word_1_264' title='bbox 1531 2664 1622 2711; x_wconf 87' lang='lat' dir='ltr'>que</span> 
     </span>
     <span class='ocr_line' id='line_1_33' title="bbox 223 2725 1622 2789; baseline 0.001 -20"><span class='ocrx_word' id='word_1_265' title='bbox 223 2745 242 2769; x_wconf 71' lang='grc' dir='ltr'>α</span> <span class='ocrx_word' id='word_1_266' title='bbox 274 2725 360 2789; x_wconf 88' lang='lat' dir='ltr'>ipsi</span> <span class='ocrx_word' id='word_1_267' title='bbox 374 2725 568 2789; x_wconf 88' lang='lat' dir='ltr'>subjecti</span> <span class='ocrx_word' id='word_1_268' title='bbox 580 2725 842 2789; x_wconf 88' lang='lat' dir='ltr'>paciuntur.</span> <span class='ocrx_word' id='word_1_269' title='bbox 856 2728 1085 2784; x_wconf 84' lang='lat' dir='ltr'>Quantum</span> <span class='ocrx_word' id='word_1_270' title='bbox 1098 2732 1166 2773; x_wconf 86' lang='lat' dir='ltr'>est</span> <span class='ocrx_word' id='word_1_271' title='bbox 1180 2725 1236 2772; x_wconf 88' lang='lat' dir='ltr'>ad</span> <span class='ocrx_word' id='word_1_272' title='bbox 1251 2730 1460 2772; x_wconf 87' lang='lat' dir='ltr'>vestrum</span> <span class='ocrx_word' id='word_1_273' title='bbox 1472 2741 1622 2787; x_wconf 93' lang='lat' dir='ltr'>popu-</span> 
     </span>
    </p>
   </div>
  </div>
 </body>
</html>
