1941 3294
175 279 278 325 1399]
451 280 819 314 GHRONOGRAPHIA
844 280 996 313 REGUM
1021 280 1300 312 FRANCORUM.
1507 276 1572 314 175

173 359 367 422 inquit1‚
401 377 421 403 α
447 358 551 405 diro
576 358 715 403 morti
750 357 940 404 tradidit
972 356 1090 403 duos
1115 356 1332 403 metiores
1357 372 1410 403 ac
1441 356 1574 402 nobi-

177 455 199 480 «
229 435 368 482 liores
390 434 631 482 hominum
648 438 889 481 armorum
909 433 1051 481 totius
1067 433 1199 497 regni
1219 433 1372 497 hujus,
1403 433 1576 480 scilicet

177 531 199 557 α
230 512 396 559 ducem
404 510 777 567 Claudiocestrie,
789 516 1025 573 patruum,
1037 516 1083 557 et
1094 509 1311 557 comitem
1319 508 1552 556 Arondelli
1561 547 1572 566 ,

177 607 197 632 «ι
229 593 477 652 cognatum
503 602 678 633 meum.
710 586 911 635 Ulterius
942 585 1151 633 forefecit
1184 585 1317 649 regni
1346 584 1576 632 heredita-

176 683 197 709 «
226 670 338 721 tem,
356 663 575 727 quoniam
596 662 752 726 posuit
772 663 926 727 ignem
945 663 991 710 in
1008 661 1262 725 quamdam
1279 661 1435 708 villam
1451 677 1577 708 cam-

176 759 196 784 «
227 746 460 803 pestrem3
490 740 753 803 quicunque
779 739 901 786 enim
927 756 1012 786 rex
1039 739 1130 786 tale
1160 738 1334 785 factum
1362 737 1577 785 commit-

174 835 195 861 «
224 817 296 873 tit,
327 832 549 864 coronam
569 815 700 879 regni
727 816 796 862 sui
817 815 1065 863 admittere
1095 815 1199 879 (sic)
1223 820 1447 862 meretur.
1469 816 1576 861 Tra-

174 911 195 937 «
226 892 346 940 didit
358 892 552 955 insuper
565 891 822 956 regnumin
839 909 1005 939 manus
1022 891 1118 955 iiij⁰r
1139 891 1353 947 militum,
1373 906 1576 953 quorum

174 988 194 1013 a
224 969 313 1016 tria
339 970 489 1033 capita
514 969 617 1016 misi
640 968 928 1016 Londoniam
958 975 1005 1015 et
1035 968 1151 1015 alter
1177 968 1236 1015 ad
1261 967 1444 1014 libitum
1472 983 1578 1013 ves-

173 1065 194 1090 «
225 1051 351 1093 trum
371 1051 459 1094 est.
481 1046 742 1095 Deliberate
770 1061 884 1110 ergo
910 1044 1023 1108 quid
1050 1045 1137 1092 hiis
1157 1044 1414 1108 suppositis
1438 1060 1579 1108 agen-

174 1140 195 1165 «
227 1121 339 1169 dum
361 1121 437 1169 sit.
472 1141 492 1166 n

234 1198 301 1245 Illi
337 1215 452 1246 vero
486 1198 544 1245 de
587 1197 878 1245 Parlamento
913 1196 1260 1260 responderunt
1295 1196 1336 1243 ei
1372 1195 1501 1258 quod
1531 1195 1576 1241 in

169 1274 424 1321 crastinum
467 1273 722 1321 redderent
767 1289 909 1336 super
957 1273 1043 1319 hec
1091 1271 1318 1335 judicium
1372 1277 1572 1318 rectum.

168 1350 345 1398 Deinde
383 1350 458 1398 die
493 1351 720 1406 crastina,
761 1350 857 1396 dux
892 1349 1144 1397 Henrricus
1180 1348 1349 1395 sedens
1374 1348 1420 1394 in
1460 1347 1576 1394 solio

168 1427 331 1490 regali,
361 1427 539 1473 cunctis
569 1426 628 1473 de
660 1426 954 1473 Parlamento
983 1425 1262 1480 astantibus,
1293 1441 1380 1487 per
1414 1439 1579 1487 quem-

170 1503 278 1550 dam
310 1503 504 1550 militem
534 1502 778 1565 requisivit
807 1507 858 1549 ut
883 1501 1104 1549 redderet
1128 1501 1355 1565 judicium
1382 1501 1441 1548 de
1467 1517 1579 1564 rege

168 1580 418 1628 Richardo.
443 1582 542 1637 Quo
566 1580 704 1636 facto,
729 1579 978 1642 episcopus
999 1577 1364 1634 Carleonensis2‚
1389 1578 1580 1624 obtenta

169 1655 391 1718 loquendi
412 1655 616 1712 licencia,
640 1655 729 1702 hoc
751 1654 894 1701 modo
920 1654 1083 1701 affatus
1106 1659 1178 1701 est
1208 1671 1217 1700 :
1252 1672 1272 1697 <‹
1299 1656 1393 1703 Vos
1416 1668 1579 1699 omnes

175 1751 196 1776 cx
227 1732 382 1780 videte
401 1732 536 1794 quale
560 1731 783 1795 judicium
803 1731 1010 1778 reddatis
1033 1731 1092 1778 de
1117 1731 1205 1778 hoc
1228 1730 1356 1793 quod
1383 1730 1481 1777 dux
1504 1729 1579 1775 hic

174 1827 194 1853 <x
226 1808 472 1871 presidens
526 1808 788 1871 proposuit.
848 1811 947 1854 Non
1004 1808 1128 1855 enim
1178 1814 1248 1855 est
1294 1807 1367 1854 hic
1413 1805 1579 1868 aliquis

174 1905 194 1930 ε(
226 1886 395 1949 dignus
437 1885 645 1949 judicare
695 1890 876 1932 tantum
925 1884 1168 1931 dominum
1218 1884 1336 1931 sicut
1379 1888 1451 1930 est
1492 1898 1578 1929 rex

174 1981 195 2007 <t
226 1968 402 2018 noster,
447 1962 526 2024 qui
564 1977 706 2025 super
743 1978 828 2008 nos
858 1961 1072 2025 regnavit
1112 1960 1227 2024 xx‘iij
1264 1976 1494 2007 annorum
1531 1964 1580 2005 et

174 2058 194 2083 <i
226 2039 442 2101 amplius.
475 2038 521 2085 Si
550 2044 705 2085 tamen
731 2037 908 2086 accidat
935 2037 1062 2100 quod
1085 2037 1260 2101 judicio
1287 2043 1447 2084 vestro
1475 2051 1581 2083 suc-

175 2135 196 2160 «
229 2115 442 2171 cumbat,
481 2114 539 2161 ad
576 2115 728 2162 minus
762 2114 988 2162 reddatur
1015 2114 1242 2178 judicium
1275 2113 1335 2161 de
1367 2130 1447 2168 eo,
1476 2113 1579 2176 ipso

176 2210 196 2235 α
225 2197 459 2254 presente,
490 2181 711 2254 quoniam
731 2208 824 2238 non
845 2198 915 2239 est
939 2197 1036 2238 tam
1056 2207 1310 2254 perversus
1334 2196 1413 2238 aut
1437 2190 1580 2237 miser

176 2286 197 2311 α
228 2267 459 2314 homicida
491 2267 602 2330 quin
637 2268 823 2315 assistat
856 2284 963 2316 cum
995 2267 1137 2314 morti
1163 2267 1536 2330 condempnatur
1566 2283 1575 2312 :

175 2363 195 2388 α
228 2344 555 2407 quantomagis
575 2349 664 2391 etc.

240 2441 260 2466 a
291 2421 400 2469 Dico
437 2421 631 2468 ulterius
667 2421 793 2484 quod
825 2420 921 2468 dux
961 2421 1042 2484 qui
1076 2437 1197 2468 nunc
1235 2426 1393 2483 preest
1431 2420 1579 2484 magis

175 2519 196 2544 «ι
227 2499 468 2563 culpabilis
494 2504 565 2545 est
598 2514 709 2562 erga
739 2514 917 2563 regem,
948 2515 1089 2561 quam
1115 2515 1202 2546 rex
1228 2498 1287 2545 sit
1311 2513 1422 2562 erga
1448 2513 1573 2554 eum,

220 2664 252 2699 1.
277 2664 503 2708 Chronicque
517 2665 557 2699 de
574 2665 610 2699 la
625 2666 767 2699 tra'ison
781 2667 813 2698 et
828 2667 925 2699 mort
943 2664 984 2699 de
996 2664 1146 2700 Richart
1161 2664 1266 2703 deuoe,
1284 2673 1319 2709 p.
1338 2661 1420 2707 220,
1437 2667 1526 2697 note
1543 2663 1574 2698 i.

221 2722 256 2759 2.
278 2722 452 2759 Carlisle.
