1941 3294
354 340 399 377 ΞΟ
632 344 1000 378 CHRONOGRAPHIA
1025 345 1178 377 REGUM
1201 345 1479 377 FRANCORUM.
1643 342 1747 389 [1382

352 422 519 470 exinde
545 439 636 470 non
668 429 791 470 esset
819 422 1114 470 adversarius
1139 422 1314 470 domini
1345 422 1501 471 Karoli
1525 422 1584 470 de
1612 425 1745 472 Pace.

351 500 601 547 Cardinalis
626 506 780 547 autem
806 500 864 547 de
889 497 1023 545 Ytro¹
1053 497 1251 546 decessit
1279 499 1325 546 in
1351 499 1614 546 carceribus
1638 499 1750 547 dicti

349 575 526 631 Karoli3
549 576 663 622 alter
684 592 796 622 vero
814 575 871 621 de
893 574 1088 631 Giffone,
1102 575 1182 637 qui
1201 581 1298 622 erat
1313 575 1488 622 ordinis
1499 575 1745 633 Minorum,

348 651 648 713 postmodum
675 650 745 698 sui
770 666 933 697 sensus
958 648 1185 697 industria
1204 668 1230 697 a
1249 650 1513 699 carceribus
1532 650 1679 699 evasit
1702 656 1750 698 et

347 743 452 774 cum
477 727 636 789 paucis
661 726 708 773 in
734 725 1008 774 Avinionem
1032 725 1205 773 venit2.

410 805 555 850 Porro
586 801 863 857 Ludovicus,
893 801 989 847 dux
1014 801 1298 865 Andegavie,
1328 818 1421 849 non
1453 803 1608 849 statim
1638 818 1749 850 con-

345 878 488 926 sensit
506 883 722 940 requeste
740 877 899 941 regine
916 876 1139 934 Johanne,
1160 877 1283 924 illam
1303 894 1522 942 guerram
1539 878 1748 941 arripere

343 953 624 1017 trepidansss.
662 952 991 1000 Nichilominus
1022 953 1110 1000 hoc
1142 953 1333 1001 faciendi
1368 955 1525 1003 habito
1557 955 1748 1002 consilio

342 1035 388 1076 et
422 1029 694 1076 adhortante
729 1031 851 1091 Papa
887 1029 1136 1086 Clemente,
1178 1031 1478 1094 congregavit
1516 1031 1748 1078 exercitus

341 1121 450 1152 suos
477 1110 522 1151 et
541 1104 653 1152 exiit
671 1104 730 1151 de
754 1105 942 1152 Francia
964 1121 1164 1169 pergens
1184 1106 1477 1163 Avinionem,
1501 1112 1553 1153 ut
1572 1106 1748 1153 dictum

341 1187 411 1228 est
436 1197 596 1243 supra,
626 1181 705 1227 ubi
730 1181 927 1228 multum
953 1182 1208 1229 honoratus
1233 1188 1304 1228 est
1328 1200 1355 1228 a
1379 1185 1502 1245 Papa
1527 1188 1573 1229 et
1599 1182 1749 1229 cardi-

340 1256 520 1303 nalibus
545 1262 590 1303 et
610 1257 834 1303 remansit
852 1257 915 1303 ibi
943 1257 1036 1304 fere
1060 1257 1216 1320 spacio
1240 1257 1441 1304 duorum
1467 1257 1744 1305 mensium4.

339 1333 509 1380 Karolo
536 1339 690 1380 autem
716 1333 925 1381 diffidato
951 1350 1009 1380 ex
1044 1339 1176 1396 parte
1209 1334 1344 1398 hujus
1369 1334 1500 1381 ducis
1535 1333 1749 1398 Ande-ga-

339 1410 429 1465 vie,
468 1409 705 1456 diffidatus
740 1415 811 1457 est
844 1410 989 1456 eciam
1021 1426 1080 1457 ex
1110 1416 1245 1473 parte
1282 1410 1464 1458 comitis
1498 1410 1743 1467 Sabaudie,

340 1485 418 1548 qui
458 1492 620 1533 contra
662 1501 769 1533 eum
810 1486 933 1534 dicto
975 1485 1081 1534 duci
1124 1492 1223 1534 erat
1267 1486 1611 1534 confederatus.
1657 1486 1746 1535 Sed

388 1637 420 1671 1.
443 1636 494 1672 Le
524 1636 696 1673 cardinal
727 1636 833 1673 d'Itri
863 1637 955 1673 etait
983 1637 1085 1684 legat
1111 1637 1155 1673 de
1184 1637 1361 1673 Clement
1390 1638 1448 1682 (cf.
1482 1639 1590 1680 ibid„
1619 1649 1657 1684 p.
1685 1638 1745 1685 40,

339 1699 442 1739 note,
465 1700 501 1730 et
521 1695 569 1731 N.
594 1694 739 1739 Valois,
761 1697 979 1741 Expedition
1002 1700 1034 1731 et
1055 1700 1151 1731 mort
1170 1698 1212 1731 de
1232 1698 1338 1731 Louis
1362 1698 1411 1732 Jer
1430 1697 1586 1742 d’Anjou
1606 1708 1650 1732 en
1668 1698 1748 1732 Ita-

340 1755 397 1793 lie,
421 1755 535 1790 Revue
555 1756 612 1789 des
636 1754 821 1797 Questions
843 1755 1073 1799 historiques,
1100 1755 1152 1790 1er
1169 1754 1321 1800 janvier
1343 1754 1446 1798 1894,
1468 1766 1505 1801 p.
1528 1750 1601 1800 89).

386 1811 420 1847 2.
445 1811 610 1848 Suivant
630 1812 683 1848 les
704 1824 778 1848 uns
799 1812 835 1848 16
855 1813 875 1848 4
898 1813 1123 1860 septembre,
1147 1814 1301 1850 suivant
1329 1813 1497 1849 d'autres
1527 1813 1562 1849 le
1591 1813 1633 1849 18
1660 1823 1746 1860 sep-

339 1870 499 1917 tembre,
518 1885 532 1905 (
549 1871 576 1906 il
598 1871 796 1907 cardinale
817 1871 862 1908 de
883 1872 1015 1908 Gifuni
1036 1872 1078 1908 in
1099 1872 1248 1919 publico
1267 1883 1288 1908 a
1304 1872 1423 1908 Santa
1444 1871 1585 1908 Chiara
1605 1882 1747 1908 renun-

341 1941 356 1961 ιι
381 1928 435 1963 zio
455 1928 483 1963 il
505 1928 689 1975 cappello,
705 1929 954 1965 confessando
977 1930 1047 1965 che
1064 1930 1167 1976 Papa
1187 1930 1402 1974 Clemente,
1418 1930 1488 1966 che
1505 1940 1548 1966 ce
1570 1929 1747 1966 l’haveva

341 1999 356 2020 ‹
379 1986 480 2029 dato,
501 1997 581 2023 non
610 1998 689 2032 era,
711 1998 758 2023 ne
790 1987 825 2023 fo
855 1988 934 2023 mai
955 1999 1044 2024 vero
1072 1988 1188 2035 Papa.
1211 1989 1242 2024 E
1264 1988 1343 2024 cosi
1364 1988 1399 2025 fo
1420 1999 1506 2024 arso
1527 1987 1555 2023 il
1575 1986 1745 2034 cappello

341 2058 358 2078 «
380 2055 400 2080 e
421 2045 447 2079 li
468 2045 588 2091 panni
608 2045 669 2081 del
689 2044 790 2081 detto
811 2045 1005 2082 cardinale
1024 2046 1065 2081 in
1085 2057 1212 2082 mezzo
1233 2045 1278 2081 de
1297 2046 1418 2082 Santa
1438 2045 1582 2081 Chiara
1599 2059 1614 2080 ι
1633 2046 1747 2090 (Gior-

339 2105 419 2138 nali
437 2104 663 2148 Napolz'tani,
689 2115 748 2150 ap.
778 2104 978 2151 Muratori,
999 2110 1026 2140 t.
1050 2104 1166 2149 XXI,
1189 2105 1260 2141 col.
1293 2105 1403 2148 1044;
1433 2105 1615 2140 Granicon
1642 2105 1746 2140 Sicu-

339 2164 429 2200 lum,
455 2161 607 2198 Societa
627 2162 870 2208 Napoletana
890 2162 926 2198 di
948 2162 1066 2198 storia
1080 2163 1218 2209 patria,
1240 2163 1338 2199 serie
1359 2163 1390 2209 I,
1409 2163 1622 2207 Cronache,
1640 2162 1745 2207 1887,

338 2231 374 2266 p.
396 2220 468 2265 40).
491 2220 545 2256 Le
564 2230 673 2267 pape,
695 2222 717 2255 a
738 2221 774 2256 la
794 2222 949 2268 requete
973 2221 1018 2257 de
1044 2221 1080 2257 la
1114 2221 1220 2258 reine
1245 2221 1289 2257 de
1319 2221 1451 2268 Sicile,
1473 2221 1576 2258 avait
1597 2221 1746 2267 envoye

338 2279 374 2314 16
401 2279 573 2325 chapeau
600 2279 622 2314 a
642 2279 818 2315 Leonard
847 2279 892 2315 de
920 2279 1049 2326 Gifon,
1072 2280 1227 2327 general
1258 2280 1322 2316 des
1343 2281 1479 2317 Freres
1500 2280 1688 2325 Mineurs,
1709 2280 1745 2315 le

338 2336 381 2372 27
400 2336 551 2383 janvier
578 2336 681 2383 1380,
712 2337 867 2374 suivant
893 2337 1074 2384 d'autres,
1107 2338 1140 2374 le
1163 2340 1182 2374 5
1210 2338 1305 2374 avril
1334 2339 1529 2384 (Cronioon
1556 2337 1742 2381 Siculum,

340 2395 493 2431 Societa
525 2395 764 2442 Napoletana
796 2396 832 2432 di
866 2396 983 2432 storia
1014 2397 1158 2445 patria,
1193 2397 1291 2434 serie
1322 2396 1362 2443 Ι,
1391 2396 1611 2442 Cronache,
1636 2396 1742 2443 1887,

340 2464 375 2499 p.
399 2453 471 2498 34).

387 2511 419 2546 3.
444 2511 520 2547 Sur
538 2512 593 2548 les
620 2512 849 2549 hesitations
872 2512 922 2548 du
943 2513 1016 2549 duc
1043 2513 1223 2560 d'Anjou,
1246 2525 1333 2561 voy.
1358 2514 1392 2550 16
1411 2515 1571 2550 Journal
1590 2514 1632 2549 de
1650 2514 1743 2550 Jean

340 2571 381 2605 Le
401 2572 520 2615 Fevre,
541 2577 568 2606 t.
592 2571 623 2617 Ι,
645 2583 681 2618 p.
704 2573 724 2608 8
746 2572 767 2606 a
790 2572 846 2607 14.

386 2629 421 2664 4.
444 2629 497 2665 Le
526 2629 598 2666 duc
628 2628 794 2676 d'Anjou
825 2630 952 2666 arriva
980 2629 1014 2666 le
1040 2630 1081 2666 21
1111 2630 1248 2667 sevrier
1275 2631 1363 2668 1382
1393 2632 1450 2669 (n.
1481 2632 1541 2672 st.)
1570 2630 1592 2666 a
1618 2630 1742 2666 Pont-

343 2686 604 2735 Saint-Esprit
633 2695 670 2724 et
699 2689 733 2724 le
763 2689 999 2735 lendemain,
1024 2702 1039 2723 (ι
1063 2700 1111 2725 au
1133 2700 1281 2736 vespre,
1306 2703 1321 2724 »
1346 2695 1457 2726 entra
1483 2689 1504 2725 a
1524 2688 1706 2736 Avignon
1733 2701 1740 2723 :

344 2758 358 2779 «
383 2757 433 2781 xn
465 2746 676 2782 cardinaux
704 2746 732 2782 li
759 2746 888 2784 furent
913 2759 962 2784 au
985 2747 1150 2794 devant3
1178 2748 1216 2784 fu
1242 2759 1357 2784 receu
1386 2759 1435 2784 en
1466 2747 1692 2784 consistoire
1721 2746 1743 2784 ἐι

346 2818 361 2838 α
385 2806 536 2841 torches
559 2819 574 2839 »
599 2808 768 2851 (Journal
788 2808 829 2842 de
847 2808 940 2843 Jean
960 2808 1003 2843 Le
1023 2809 1138 2849 Fevre,
1163 2813 1190 2843 t.
1212 2807 1245 2854 Ι,
1267 2818 1302 2854 p.
1325 2807 1398 2854 21).
