1941 3294
331 326 375 361 72
605 328 975 361 CHRONOGRAPHIA
1000 327 1154 360 REGUM
1177 327 1456 360 FRANCORUM.
1510 323 1729 369 [1384-1385

330 422 416 469 per
435 411 610 453 terram
635 404 809 452 domini
833 403 981 452 Galiot
1005 403 1261 451 Maleteste1
1290 420 1395 450 cum
1417 419 1583 466 magna
1610 403 1729 451 diffi-

329 483 515 537 cultate,
539 481 758 545 quoniam
780 482 838 528 ab
859 481 924 527 eis
944 479 1190 528 tenebatur
1211 497 1299 543 pro
1319 479 1523 536 inimico,
1550 495 1602 526 ac
1621 478 1730 526 inde

328 574 415 621 per
446 558 702 604 Bononiam
714 557 748 612 ²,
785 556 864 603 ubi
896 554 1099 619 gratiose
1135 556 1312 620 recepti
1343 561 1468 612 sunt,
1500 560 1732 602 venerunt

328 634 653 687 Mediolanum,
682 633 759 680 ubi
791 632 1034 696 magnifice
1060 638 1108 680 et
1135 632 1391 696 gaudenter
1416 631 1594 695 recepti
1622 636 1730 678 sunt

328 728 354 757 a
394 710 584 757 domino
625 709 856 758 Barnabo.
904 707 1080 755 Deinde
1120 715 1350 756 venerunt
1395 708 1607 771 Papiam,
1650 706 1730 754 ubi

327 786 473 833 eciam
490 786 743 833 honorifice
760 784 938 848 recepti
955 790 1105 832 sunta
1118 785 1345 843 Galiache,
1367 790 1537 848 nepote
1554 784 1730 832 domini

327 861 557 909 Barnabo.

391 942 519 986 Tunc
550 937 716 1001 prefati
749 937 967 984 dominus
999 937 1239 985 Couchiaci
1271 943 1318 985 et
1349 938 1597 1001 episcopus
1627 937 1731 984 Bel-

326 1013 534 1060 vacensis
582 1012 779 1060 consulti
823 1018 930 1060 sunt
975 1019 1025 1060 ut
1070 1013 1309 1061 mitterent
1350 1013 1626 1061 Avinionem
1670 1012 1728 1060 ad

325 1093 497 1153 Papam
519 1089 577 1137 ad
605 1090 924 1137 excusandum
951 1106 1001 1137 se
1027 1106 1138 1154 erga
1164 1106 1288 1148 eum,
1312 1090 1420 1153 quia
1439 1090 1559 1137 male
1585 1090 1729 1137 infor-

324 1173 478 1214 matus
509 1167 660 1214 fuerat
686 1166 745 1214 de
771 1183 936 1214 eorum
966 1166 1262 1223 reversione3
1302 1172 1347 1213 et
1373 1166 1503 1214 missi
1535 1173 1642 1214 sunt
1671 1166 1729 1214 ab

324 1242 391 1290 eis
417 1243 463 1289 in
489 1242 761 1290 Avinionem
789 1242 1006 1289 dominus
1032 1241 1229 1289 Karolus
1253 1241 1310 1288 de
1335 1245 1539 1305 Hangest
1562 1246 1608 1288 et
1633 1240 1731 1288 dic-

324 1324 399 1365 tus
437 1319 496 1366 de
532 1318 780 1375 Humerus,
823 1318 903 1381 qui
939 1318 1013 1366 die
1048 1317 1384 1365 Purificationis
1422 1318 1555 1365 beate
1589 1317 1730 1365 Marie

323 1394 475 1441 locute
502 1400 609 1441 sunt
634 1396 773 1456 Pape,
807 1399 1082 1441 excusantes
1107 1393 1315 1457 prefatos
1343 1393 1586 1441 dominum
1611 1395 1730 1441 Cou-

324 1471 466 1518 chiaci
494 1477 541 1518 et
570 1471 844 1533 episcopum
869 1471 1226 1527 Belvacensem;
1255 1471 1426 1534 quibus
1451 1473 1574 1533 Papa
1601 1470 1730 1518 beni-

322 1548 475 1612 gniter
507 1565 555 1595 se
581 1553 851 1595 contentum
881 1547 998 1594 dixit
1030 1547 1088 1594 de
1115 1548 1203 1594 hoc
1229 1547 1356 1610 quod
1388 1547 1478 1611 ipsi
1504 1546 1724 1595 fecerant.

323 1628 380 1673 Ut
406 1630 562 1671 autem
587 1623 805 1671 dominus
831 1624 1071 1672 Couchiaci
1092 1631 1138 1671 et
1163 1624 1412 1687 episcopus
1437 1623 1729 1671 Belvacensis

322 1706 643 1764 cognoverunt
664 1716 713 1747 se
734 1717 760 1746 a
779 1703 902 1763 Papa
922 1717 1010 1763 pro
1031 1701 1264 1747 excusatis
1289 1700 1438 1747 teneri
1453 1702 1488 1756 3,
1511 1699 1570 1747 de
1590 1699 1729 1762 Papia

322 1777 593 1824 recedentes
620 1794 724 1825 cum
759 1777 872 1834 suis,
915 1783 1232 1840 pervenerunt
1265 1777 1325 1824 ad
1357 1777 1522 1841 Alpes3
1560 1776 1730 1839 quibus

321 1853 583 1910 transactis,
622 1853 861 1900 licenciato
892 1853 1100 1900 exercitu
1133 1852 1348 1900 abierunt
1381 1852 1657 1901 Avinionem
1683 1858 1731 1899 et

321 1928 429 1976 inde
455 1929 502 1975 in
529 1929 769 1976 Franciam
789 1929 969 1976 reversi
992 1935 1116 1976 sunt.

385 2009 619 2062 Preterea‚
649 2012 813 2052 octava
840 2005 914 2052 die
941 2005 1160 2052 februarii
1183 2006 1393 2069 ejusdem
1417 2006 1542 2062 anni,
1569 2004 1730 2068 regina

320 2082 609 2131 Jherusalem
639 2088 686 2129 et
715 2082 881 2138 Sicilie,
912 2098 1033 2129 uxor
1066 2082 1278 2146 ejusdem
1304 2082 1435 2130 ducis
1461 2080 1728 2145 Andegavie

321 2160 544 2216 defuncti,
573 2175 680 2207 cum
694 2159 879 2223 juniore
901 2159 996 2206 filio
1016 2175 1101 2207 suo
1120 2159 1248 2207 venit
1267 2160 1469 2208 Parisius
1489 2159 1548 2207 ad
1566 2174 1727 2223 regem

369 2325 402 2360 1.
427 2323 605 2361 Galeotto
629 2323 844 2368 Malatesta,
869 2323 1051 2371 seigneur
1071 2324 1116 2361 de
1137 2323 1301 2360 Rimini.

369 2383 403 2419 2.
425 2383 478 2419 Le
508 2382 662 2419 dernier
689 2383 885 2429 paiement
916 2382 962 2419 de
996 2383 1032 2418 la
1060 2394 1207 2419 somme
1234 2382 1354 2420 totale
1381 2382 1550 2430 promise
1572 2392 1642 2429 par
1673 2382 1729 2418 les

320 2442 544 2478 Florentius
572 2453 619 2478 au
648 2442 722 2478 sire
751 2441 797 2478 de
825 2441 956 2489 Coucy
976 2442 1032 2477 fut
1059 2442 1125 2478 fait
1153 2442 1175 2477 a
1197 2442 1368 2489 Bologne
1394 2442 1428 2478 le
1454 2442 1498 2478 25
1525 2441 1729 2478 decembre

324 2500 428 2537 1384.
447 2500 481 2536 Il
502 2511 542 2537 se
561 2500 727 2537 montait
747 2499 769 2535 ἐι
790 2499 920 2543 1Ο,ΟΟΟ
941 2499 1074 2535 florius
1098 2500 1442 2545 (communication
1462 2500 1507 2536 de
1522 2500 1574 2535 M.
1591 2499 1642 2536 H.
1657 2499 1728 2536 La-

324 2559 463 2605 caisse).

368 2617 400 2653 3.
424 2617 477 2654 Le
500 2617 541 2654 13
559 2617 712 2665 Janvier
733 2617 822 2653 1385
845 2618 897 2661 (n.
922 2619 1000 2663 st.),
1023 2617 1058 2653 la
1087 2617 1275 2654 duchesse
1303 2616 1471 2665 d’Anjou
1497 2628 1650 2665 envoya
1670 2628 1723 2653 un

321 2686 519 2724 messager
548 2688 596 2712 au
625 2687 720 2723 pape
747 2687 797 2712 en
826 2676 1027 2712 Provence
1050 2682 1086 2712 et
1107 2688 1156 2712 au
1177 2677 1252 2712 sire
1273 2676 1319 2713 de
1340 2676 1471 2724 Goucy
1495 2677 1664 2723 (Journal
1684 2678 1726 2712 de

320 2737 410 2772 Jean
432 2738 473 2772 Le
493 2739 609 2780 Ε’ἐυνε,
633 2738 759 2782 εὐὲᾳαε
779 2738 820 2772 de
842 2737 1025 2777 Chartres,
1051 2743 1077 2772 t.
1101 2736 1133 2782 Ι,
1155 2747 1191 2783 p.
1213 2736 1284 2781 84).
