<?xml version="1.0" encoding="UTF-8"?>
<!DOCTYPE html PUBLIC "-//W3C//DTD XHTML 1.0 Transitional//EN"
    "http://www.w3.org/TR/xhtml1/DTD/xhtml1-transitional.dtd">
<html xmlns="http://www.w3.org/1999/xhtml" xml:lang="en" lang="en">
 <head>
  <title>
</title>
<meta http-equiv="Content-Type" content="text/html;charset=utf-8" />
  <meta name='ocr-system' content='tesseract 3.04.00' />
  <meta name='ocr-capabilities' content='ocr_page ocr_carea ocr_par ocr_line ocrx_word'/>
</head>
<body>
  <div class='ocr_page' id='page_1' title='image "./chronographiareg03mora_0226.png"; bbox 0 0 1941 3294; ppageno 0'>
   <div class='ocr_carea' id='block_1_1' title="bbox 382 366 1776 412">
    <p class='ocr_par' dir='ltr' id='par_1_1' title="bbox 382 366 1776 412">
     <span class='ocr_line' id='line_1_1' title="bbox 382 366 1776 412; baseline -0.001 -8"><span class='ocrx_word' id='word_1_1' title='bbox 382 368 448 405; x_wconf 87' lang='grc'>164</span> <span class='ocrx_word' id='word_1_2' title='bbox 649 370 1017 403; x_wconf 81' lang='lat' dir='ltr'><strong>GHRONOGRAPHIA</strong></span> <span class='ocrx_word' id='word_1_3' title='bbox 1042 369 1194 401; x_wconf 82' lang='lat' dir='ltr'><strong>REGUM</strong></span> <span class='ocrx_word' id='word_1_4' title='bbox 1217 369 1498 401; x_wconf 84' lang='lat' dir='ltr'><strong>FRANCORUM.</strong></span> <span class='ocrx_word' id='word_1_5' title='bbox 1672 366 1776 412; x_wconf 83' lang='lat'>[1398</span> 
     </span>
    </p>
   </div>
   <div class='ocr_carea' id='block_1_2' title="bbox 362 444 1778 2723">
    <p class='ocr_par' dir='ltr' id='par_1_2' title="bbox 379 444 1776 572">
     <span class='ocr_line' id='line_1_2' title="bbox 379 444 1776 509; baseline -0.001 -14"><span class='ocrx_word' id='word_1_6' title='bbox 379 448 558 496; x_wconf 87' lang='lat' dir='ltr'>Scotico</span> <span class='ocrx_word' id='word_1_7' title='bbox 576 447 737 503; x_wconf 87' lang='lat' dir='ltr'>milite,</span> <span class='ocrx_word' id='word_1_8' title='bbox 755 447 940 494; x_wconf 89' lang='lat' dir='ltr'>nomine</span> <span class='ocrx_word' id='word_1_9' title='bbox 958 444 1198 494; x_wconf 89' lang='lat' dir='ltr'>Guillelmo</span> <span class='ocrx_word' id='word_1_10' title='bbox 1216 448 1521 501; x_wconf 62' lang='lat' dir='ltr'>Stoumaerw,</span> <span class='ocrx_word' id='word_1_11' title='bbox 1543 444 1620 507; x_wconf 89' lang='lat' dir='ltr'>qui</span> <span class='ocrx_word' id='word_1_12' title='bbox 1642 445 1776 509; x_wconf 88' lang='lat' dir='ltr'>hujus</span> 
     </span>
     <span class='ocr_line' id='line_1_3' title="bbox 379 525 953 572; baseline -0.005 0"><span class='ocrx_word' id='word_1_13' title='bbox 379 542 516 572; x_wconf 89' lang='lat' dir='ltr'>causa</span> <span class='ocrx_word' id='word_1_14' title='bbox 537 525 599 571; x_wconf 92' lang='lat' dir='ltr'>ibi</span> <span class='ocrx_word' id='word_1_15' title='bbox 622 529 953 571; x_wconf 86' lang='lat' dir='ltr'>convenerant.</span> 
     </span>
    </p>

    <p class='ocr_par' dir='ltr' id='par_1_3' title="bbox 374 597 1778 1349">
     <span class='ocr_line' id='line_1_4' title="bbox 442 597 1778 660; baseline -0.004 -12"><span class='ocrx_word' id='word_1_16' title='bbox 442 605 500 648; x_wconf 87' lang='lat' dir='ltr'>Et</span> <span class='ocrx_word' id='word_1_17' title='bbox 519 601 639 648; x_wconf 91' lang='lat' dir='ltr'>dicta</span> <span class='ocrx_word' id='word_1_18' title='bbox 662 601 777 647; x_wconf 88' lang='lat' dir='ltr'>hora</span> <span class='ocrx_word' id='word_1_19' title='bbox 802 603 1050 654; x_wconf 88' lang='lat' dir='ltr'>transacta,</span> <span class='ocrx_word' id='word_1_20' title='bbox 1082 597 1177 644; x_wconf 84' lang='lat' dir='ltr'>dux</span> <span class='ocrx_word' id='word_1_21' title='bbox 1201 597 1429 644; x_wconf 88' lang='lat' dir='ltr'>Arvordie</span> <span class='ocrx_word' id='word_1_22' title='bbox 1449 597 1702 660; x_wconf 86' lang='lat' dir='ltr'>appellans,</span> <span class='ocrx_word' id='word_1_23' title='bbox 1731 597 1778 643; x_wconf 89' lang='lat' dir='ltr'>in</span> 
     </span>
     <span class='ocr_line' id='line_1_5' title="bbox 379 673 1778 737; baseline -0.002 -14"><span class='ocrx_word' id='word_1_24' title='bbox 379 676 521 723; x_wconf 88' lang='lat' dir='ltr'>nobili</span> <span class='ocrx_word' id='word_1_25' title='bbox 548 682 671 723; x_wconf 86' lang='lat' dir='ltr'>statu</span> <span class='ocrx_word' id='word_1_26' title='bbox 697 676 822 722; x_wconf 85' lang='lat' dir='ltr'>venit</span> <span class='ocrx_word' id='word_1_27' title='bbox 848 674 906 721; x_wconf 92' lang='lat' dir='ltr'>ad</span> <span class='ocrx_word' id='word_1_28' title='bbox 943 673 1068 720; x_wconf 86' lang='lat' dir='ltr'>licias</span> <span class='ocrx_word' id='word_1_29' title='bbox 1093 673 1268 721; x_wconf 88' lang='lat' dir='ltr'>habens</span> <span class='ocrx_word' id='word_1_30' title='bbox 1295 691 1376 721; x_wconf 84' lang='lat' dir='ltr'>sex</span> <span class='ocrx_word' id='word_1_31' title='bbox 1407 690 1554 736; x_wconf 90' lang='lat' dir='ltr'>equos</span> <span class='ocrx_word' id='word_1_32' title='bbox 1584 689 1778 737; x_wconf 85' lang='lat' dir='ltr'>magnos</span> 
     </span>
     <span class='ocr_line' id='line_1_6' title="bbox 377 749 1778 816; baseline -0.003 -15"><span class='ocrx_word' id='word_1_33' title='bbox 377 759 625 816; x_wconf 89' lang='lat' dir='ltr'>coopertos</span> <span class='ocrx_word' id='word_1_34' title='bbox 646 753 741 799; x_wconf 91' lang='lat' dir='ltr'>suis</span> <span class='ocrx_word' id='word_1_35' title='bbox 761 751 927 804; x_wconf 85' lang='lat' dir='ltr'>armis;</span> <span class='ocrx_word' id='word_1_36' title='bbox 949 766 1005 796; x_wconf 92' lang='lat' dir='ltr'>eo</span> <span class='ocrx_word' id='word_1_37' title='bbox 1025 766 1211 813; x_wconf 90' lang='lat' dir='ltr'>quoque</span> <span class='ocrx_word' id='word_1_38' title='bbox 1232 750 1446 813; x_wconf 80' lang='lat' dir='ltr'>pulsante</span> <span class='ocrx_word' id='word_1_39' title='bbox 1467 749 1526 796; x_wconf 91' lang='lat' dir='ltr'>ad</span> <span class='ocrx_word' id='word_1_40' title='bbox 1547 749 1778 797; x_wconf 86' lang='lat' dir='ltr'>barrerias</span> 
     </span>
     <span class='ocr_line' id='line_1_7' title="bbox 376 825 1777 889; baseline -0.003 -13"><span class='ocrx_word' id='word_1_41' title='bbox 376 829 586 876; x_wconf 89' lang='lat' dir='ltr'>liciarum</span> <span class='ocrx_word' id='word_1_42' title='bbox 612 836 659 876; x_wconf 84' lang='lat' dir='ltr'>ct</span> <span class='ocrx_word' id='word_1_43' title='bbox 684 826 1054 875; x_wconf 87' lang='lat' dir='ltr'>conestabulario</span> <span class='ocrx_word' id='word_1_44' title='bbox 1080 843 1134 873; x_wconf 92' lang='lat' dir='ltr'>ac</span> <span class='ocrx_word' id='word_1_45' title='bbox 1164 826 1433 873; x_wconf 89' lang='lat' dir='ltr'>marescallo</span> <span class='ocrx_word' id='word_1_46' title='bbox 1457 826 1610 889; x_wconf 87' lang='lat' dir='ltr'>ipsum</span> <span class='ocrx_word' id='word_1_47' title='bbox 1635 825 1777 872; x_wconf 87' lang='lat' dir='ltr'>inter-</span> 
     </span>
     <span class='ocr_line' id='line_1_8' title="bbox 374 901 1772 969; baseline -0.003 -17"><span class='ocrx_word' id='word_1_48' title='bbox 374 905 646 969; x_wconf 78' lang='lat' dir='ltr'>rogantibus</span> <span class='ocrx_word' id='word_1_49' title='bbox 683 904 786 967; x_wconf 92' lang='lat' dir='ltr'>quis</span> <span class='ocrx_word' id='word_1_50' title='bbox 820 909 943 950; x_wconf 89' lang='lat' dir='ltr'>esset</span> <span class='ocrx_word' id='word_1_51' title='bbox 979 909 1025 949; x_wconf 90' lang='lat' dir='ltr'>et</span> <span class='ocrx_word' id='word_1_52' title='bbox 1060 902 1172 965; x_wconf 91' lang='lat' dir='ltr'>quid</span> <span class='ocrx_word' id='word_1_53' title='bbox 1211 908 1447 965; x_wconf 86' lang='lat' dir='ltr'>quereret,</span> <span class='ocrx_word' id='word_1_54' title='bbox 1483 901 1727 965; x_wconf 85' lang='lat' dir='ltr'>respondit</span> <span class='ocrx_word' id='word_1_55' title='bbox 1763 919 1772 948; x_wconf 93' lang='lat'>:</span> 
     </span>
     <span class='ocr_line' id='line_1_9' title="bbox 378 977 1772 1045; baseline 0 -20"><span class='ocrx_word' id='word_1_56' title='bbox 378 1000 398 1025; x_wconf 69' lang='grc' dir='ltr'>(ς</span> <span class='ocrx_word' id='word_1_57' title='bbox 430 985 526 1045; x_wconf 84' lang='lat' dir='ltr'>Ego</span> <span class='ocrx_word' id='word_1_58' title='bbox 553 997 657 1029; x_wconf 90' lang='lat' dir='ltr'>sum</span> <span class='ocrx_word' id='word_1_59' title='bbox 685 980 908 1027; x_wconf 87' lang='lat' dir='ltr'>Henricus</span> <span class='ocrx_word' id='word_1_60' title='bbox 935 978 993 1026; x_wconf 92' lang='lat' dir='ltr'>de</span> <span class='ocrx_word' id='word_1_61' title='bbox 1022 979 1289 1036; x_wconf 79' lang='lat' dir='ltr'>Lincestria,</span> <span class='ocrx_word' id='word_1_62' title='bbox 1322 978 1419 1026; x_wconf 87' lang='lat' dir='ltr'>dux</span> <span class='ocrx_word' id='word_1_63' title='bbox 1443 977 1772 1035; x_wconf 85' lang='lat' dir='ltr'>Arvordensis‚</span> 
     </span>
     <span class='ocr_line' id='line_1_10' title="bbox 378 1055 1777 1120; baseline 0.001 -19"><span class='ocrx_word' id='word_1_64' title='bbox 378 1077 398 1101; x_wconf 70' lang='lat'>&lt;1</span> <span class='ocrx_word' id='word_1_65' title='bbox 430 1057 509 1120; x_wconf 92' lang='lat' dir='ltr'>qui</span> <span class='ocrx_word' id='word_1_66' title='bbox 543 1057 615 1105; x_wconf 93' lang='lat' dir='ltr'>hic</span> <span class='ocrx_word' id='word_1_67' title='bbox 641 1056 778 1103; x_wconf 85' lang='lat' dir='ltr'>venio</span> <span class='ocrx_word' id='word_1_68' title='bbox 808 1056 866 1103; x_wconf 90' lang='lat' dir='ltr'>ad</span> <span class='ocrx_word' id='word_1_69' title='bbox 899 1055 1226 1103; x_wconf 89' lang='lat' dir='ltr'>debellandum</span> <span class='ocrx_word' id='word_1_70' title='bbox 1257 1055 1480 1103; x_wconf 90' lang='lat' dir='ltr'>Thomam</span> <span class='ocrx_word' id='word_1_71' title='bbox 1512 1055 1570 1102; x_wconf 90' lang='lat' dir='ltr'>de</span> <span class='ocrx_word' id='word_1_72' title='bbox 1601 1058 1777 1103; x_wconf 87' lang='lat' dir='ltr'>Monte-</span> 
     </span>
     <span class='ocr_line' id='line_1_11' title="bbox 376 1131 1776 1194; baseline -0.001 -15"><span class='ocrx_word' id='word_1_73' title='bbox 376 1154 396 1178; x_wconf 70' lang='lat'>«</span> <span class='ocrx_word' id='word_1_74' title='bbox 427 1134 609 1190; x_wconf 87' lang='lat' dir='ltr'>bradio,</span> <span class='ocrx_word' id='word_1_75' title='bbox 643 1133 811 1181; x_wconf 88' lang='lat' dir='ltr'>ducem</span> <span class='ocrx_word' id='word_1_76' title='bbox 842 1131 1136 1188; x_wconf 87' lang='lat' dir='ltr'>Mortuoldie,</span> <span class='ocrx_word' id='word_1_77' title='bbox 1171 1138 1412 1194; x_wconf 84' lang='lat' dir='ltr'>tamquam</span> <span class='ocrx_word' id='word_1_78' title='bbox 1438 1132 1603 1179; x_wconf 88' lang='lat' dir='ltr'>falsum</span> <span class='ocrx_word' id='word_1_79' title='bbox 1633 1131 1776 1179; x_wconf 90' lang='lat' dir='ltr'>tradi-</span> 
     </span>
     <span class='ocr_line' id='line_1_12' title="bbox 377 1209 1777 1272; baseline 0 -18"><span class='ocrx_word' id='word_1_80' title='bbox 377 1229 397 1254; x_wconf 76' lang='lat'>«</span> <span class='ocrx_word' id='word_1_81' title='bbox 429 1216 580 1257; x_wconf 86' lang='lat' dir='ltr'>torem</span> <span class='ocrx_word' id='word_1_82' title='bbox 606 1215 652 1256; x_wconf 90' lang='lat' dir='ltr'>et</span> <span class='ocrx_word' id='word_1_83' title='bbox 671 1209 905 1256; x_wconf 89' lang='lat' dir='ltr'>infidelem</span> <span class='ocrx_word' id='word_1_84' title='bbox 933 1214 1097 1255; x_wconf 85' lang='lat' dir='ltr'>contra</span> <span class='ocrx_word' id='word_1_85' title='bbox 1122 1211 1270 1255; x_wconf 88' lang='lat' dir='ltr'>Deum</span> <span class='ocrx_word' id='word_1_86' title='bbox 1295 1214 1342 1254; x_wconf 91' lang='lat' dir='ltr'>et</span> <span class='ocrx_word' id='word_1_87' title='bbox 1367 1224 1527 1272; x_wconf 84' lang='lat' dir='ltr'>regem</span> <span class='ocrx_word' id='word_1_88' title='bbox 1555 1224 1777 1272; x_wconf 85' lang='lat' dir='ltr'>regnum-</span> 
     </span>
     <span class='ocr_line' id='line_1_13' title="bbox 376 1292 1142 1349; baseline 0 -19"><span class='ocrx_word' id='word_1_89' title='bbox 376 1305 397 1330; x_wconf 71' lang='grc' dir='ltr'>ι(</span> <span class='ocrx_word' id='word_1_90' title='bbox 429 1302 519 1349; x_wconf 88' lang='lat' dir='ltr'>que</span> <span class='ocrx_word' id='word_1_91' title='bbox 546 1302 699 1343; x_wconf 89' lang='lat' dir='ltr'>suum,</span> <span class='ocrx_word' id='word_1_92' title='bbox 731 1292 776 1332; x_wconf 94' lang='lat' dir='ltr'>et</span> <span class='ocrx_word' id='word_1_93' title='bbox 803 1292 964 1332; x_wconf 87' lang='lat' dir='ltr'>contra</span> <span class='ocrx_word' id='word_1_94' title='bbox 991 1301 1083 1332; x_wconf 88' lang='lat' dir='ltr'>me.</span> <span class='ocrx_word' id='word_1_95' title='bbox 1122 1304 1142 1328; x_wconf 76' lang='lat'>1&gt;</span> 
     </span>
    </p>

    <p class='ocr_par' dir='ltr' id='par_1_4' title="bbox 365 1360 1774 2110">
     <span class='ocr_line' id='line_1_14' title="bbox 435 1360 1774 1425; baseline -0.003 -14"><span class='ocrx_word' id='word_1_96' title='bbox 435 1367 532 1411; x_wconf 93' lang='lat' dir='ltr'>Hoc</span> <span class='ocrx_word' id='word_1_97' title='bbox 558 1363 716 1410; x_wconf 88' lang='lat' dir='ltr'>audito</span> <span class='ocrx_word' id='word_1_98' title='bbox 743 1363 950 1409; x_wconf 82' lang='lat' dir='ltr'>fecerunt</span> <span class='ocrx_word' id='word_1_99' title='bbox 980 1378 1088 1408; x_wconf 91' lang='lat' dir='ltr'>eum</span> <span class='ocrx_word' id='word_1_100' title='bbox 1110 1361 1301 1417; x_wconf 89' lang='lat' dir='ltr'>intrare,</span> <span class='ocrx_word' id='word_1_101' title='bbox 1327 1367 1540 1425; x_wconf 87' lang='lat' dir='ltr'>petentes</span> <span class='ocrx_word' id='word_1_102' title='bbox 1568 1360 1606 1408; x_wconf 91' lang='lat' dir='ltr'>si</span> <span class='ocrx_word' id='word_1_103' title='bbox 1633 1377 1774 1424; x_wconf 92' lang='lat' dir='ltr'>super</span> 
     </span>
     <span class='ocr_line' id='line_1_15' title="bbox 370 1438 1774 1494; baseline -0.001 -8"><span class='ocrx_word' id='word_1_104' title='bbox 370 1439 457 1486; x_wconf 93' lang='lat' dir='ltr'>hoc</span> <span class='ocrx_word' id='word_1_105' title='bbox 477 1439 600 1486; x_wconf 82' lang='lat' dir='ltr'>intus</span> <span class='ocrx_word' id='word_1_106' title='bbox 626 1438 764 1486; x_wconf 85' lang='lat' dir='ltr'>vellet</span> <span class='ocrx_word' id='word_1_107' title='bbox 789 1438 988 1494; x_wconf 87' lang='lat' dir='ltr'>intrare;</span> <span class='ocrx_word' id='word_1_108' title='bbox 1018 1445 1063 1484; x_wconf 89' lang='lat' dir='ltr'>et</span> <span class='ocrx_word' id='word_1_109' title='bbox 1089 1454 1145 1484; x_wconf 91' lang='lat' dir='ltr'>eo</span> <span class='ocrx_word' id='word_1_110' title='bbox 1172 1444 1403 1484; x_wconf 88' lang='lat' dir='ltr'>annuente</span> <span class='ocrx_word' id='word_1_111' title='bbox 1431 1444 1614 1484; x_wconf 90' lang='lat' dir='ltr'>scutum</span> <span class='ocrx_word' id='word_1_112' title='bbox 1639 1452 1774 1484; x_wconf 89' lang='lat' dir='ltr'>suum</span> 
     </span>
     <span class='ocr_line' id='line_1_16' title="bbox 370 1513 1774 1579; baseline -0.002 -17"><span class='ocrx_word' id='word_1_113' title='bbox 370 1515 564 1579; x_wconf 86' lang='lat' dir='ltr'>aptavit,</span> <span class='ocrx_word' id='word_1_114' title='bbox 601 1514 727 1577; x_wconf 88' lang='lat' dir='ltr'>quod</span> <span class='ocrx_word' id='word_1_115' title='bbox 758 1521 857 1561; x_wconf 89' lang='lat' dir='ltr'>erat</span> <span class='ocrx_word' id='word_1_116' title='bbox 883 1519 1077 1578; x_wconf 81' lang='lat' dir='ltr'>argento</span> <span class='ocrx_word' id='word_1_117' title='bbox 1109 1513 1348 1576; x_wconf 89' lang='lat' dir='ltr'>depictum</span> <span class='ocrx_word' id='word_1_118' title='bbox 1378 1530 1484 1561; x_wconf 91' lang='lat' dir='ltr'>cum</span> <span class='ocrx_word' id='word_1_119' title='bbox 1516 1531 1606 1561; x_wconf 89' lang='lat' dir='ltr'>una</span> <span class='ocrx_word' id='word_1_120' title='bbox 1637 1529 1774 1560; x_wconf 90' lang='lat' dir='ltr'>cruce</span> 
     </span>
     <span class='ocr_line' id='line_1_17' title="bbox 369 1590 1774 1654; baseline -0.001 -15"><span class='ocrx_word' id='word_1_121' title='bbox 369 1592 514 1639; x_wconf 87' lang='lat' dir='ltr'>rubea</span> <span class='ocrx_word' id='word_1_122' title='bbox 532 1592 590 1639; x_wconf 90' lang='lat' dir='ltr'>ad</span> <span class='ocrx_word' id='word_1_123' title='bbox 612 1591 804 1639; x_wconf 90' lang='lat' dir='ltr'>modum</span> <span class='ocrx_word' id='word_1_124' title='bbox 819 1591 932 1638; x_wconf 87' lang='lat' dir='ltr'>scuti</span> <span class='ocrx_word' id='word_1_125' title='bbox 953 1590 1097 1637; x_wconf 90' lang='lat' dir='ltr'>sancti</span> <span class='ocrx_word' id='word_1_126' title='bbox 1120 1591 1321 1654; x_wconf 82' lang='lat' dir='ltr'>Georgii,</span> <span class='ocrx_word' id='word_1_127' title='bbox 1338 1591 1634 1653; x_wconf 85' lang='lat' dir='ltr'>firmavitque</span> <span class='ocrx_word' id='word_1_128' title='bbox 1654 1590 1774 1637; x_wconf 89' lang='lat' dir='ltr'>vise-</span> 
     </span>
     <span class='ocr_line' id='line_1_18' title="bbox 368 1665 1770 1730; baseline -0.001 -16"><span class='ocrx_word' id='word_1_129' title='bbox 368 1668 488 1716; x_wconf 87' lang='lat' dir='ltr'>riam</span> <span class='ocrx_word' id='word_1_130' title='bbox 528 1668 596 1715; x_wconf 87' lang='lat' dir='ltr'>sui</span> <span class='ocrx_word' id='word_1_131' title='bbox 639 1667 870 1714; x_wconf 87' lang='lat' dir='ltr'>bachineti</span> <span class='ocrx_word' id='word_1_132' title='bbox 916 1672 1057 1729; x_wconf 89' lang='lat' dir='ltr'>atque</span> <span class='ocrx_word' id='word_1_133' title='bbox 1102 1667 1235 1730; x_wconf 84' lang='lat' dir='ltr'>signo</span> <span class='ocrx_word' id='word_1_134' title='bbox 1277 1667 1426 1713; x_wconf 89' lang='lat' dir='ltr'>crucis</span> <span class='ocrx_word' id='word_1_135' title='bbox 1466 1683 1515 1713; x_wconf 91' lang='lat' dir='ltr'>se</span> <span class='ocrx_word' id='word_1_136' title='bbox 1555 1665 1770 1713; x_wconf 85' lang='lat' dir='ltr'>munivit.</span> 
     </span>
     <span class='ocr_line' id='line_1_19' title="bbox 367 1732 1773 1806; baseline -0.002 -15"><span class='ocrx_word' id='word_1_137' title='bbox 367 1744 540 1791; x_wconf 84' lang='lat' dir='ltr'>Deinde</span> <span class='ocrx_word' id='word_1_138' title='bbox 569 1745 776 1790; x_wconf 82' lang='lat' dir='ltr'>lanceam</span> <span class='ocrx_word' id='word_1_139' title='bbox 806 1759 938 1790; x_wconf 87' lang='lat' dir='ltr'>suam</span> <span class='ocrx_word' id='word_1_140' title='bbox 964 1748 1129 1806; x_wconf 84' lang='lat' dir='ltr'>petens</span> <span class='ocrx_word' id='word_1_141' title='bbox 1155 1748 1201 1789; x_wconf 90' lang='lat' dir='ltr'>et</span> <span class='ocrx_word' id='word_1_142' title='bbox 1225 1742 1453 1805; x_wconf 89' lang='lat' dir='ltr'>accipiens</span> <span class='ocrx_word' id='word_1_143' title='bbox 1479 1732 1525 1789; x_wconf 87' lang='lat' dir='ltr'>et</span> <span class='ocrx_word' id='word_1_144' title='bbox 1553 1741 1773 1789; x_wconf 87' lang='lat' dir='ltr'>barreriis</span> 
     </span>
     <span class='ocr_line' id='line_1_20' title="bbox 366 1817 1772 1883; baseline -0.001 -16"><span class='ocrx_word' id='word_1_145' title='bbox 366 1820 558 1883; x_wconf 87' lang='lat' dir='ltr'>apertis,</span> <span class='ocrx_word' id='word_1_146' title='bbox 597 1820 821 1882; x_wconf 82' lang='lat' dir='ltr'>equitavit</span> <span class='ocrx_word' id='word_1_147' title='bbox 850 1819 983 1883; x_wconf 84' lang='lat' dir='ltr'>juxta</span> <span class='ocrx_word' id='word_1_148' title='bbox 1018 1818 1144 1865; x_wconf 83' lang='lat' dir='ltr'>licias</span> <span class='ocrx_word' id='word_1_149' title='bbox 1179 1835 1327 1881; x_wconf 90' lang='lat' dir='ltr'>usque</span> <span class='ocrx_word' id='word_1_150' title='bbox 1363 1825 1469 1866; x_wconf 87' lang='lat' dir='ltr'>ante</span> <span class='ocrx_word' id='word_1_151' title='bbox 1504 1817 1772 1865; x_wconf 83' lang='lat' dir='ltr'>cathedram</span> 
     </span>
     <span class='ocr_line' id='line_1_21' title="bbox 367 1894 1772 1959; baseline -0.002 -15"><span class='ocrx_word' id='word_1_152' title='bbox 367 1913 498 1944; x_wconf 90' lang='lat' dir='ltr'>suam</span> <span class='ocrx_word' id='word_1_153' title='bbox 518 1913 609 1959; x_wconf 85' lang='lat' dir='ltr'>que</span> <span class='ocrx_word' id='word_1_154' title='bbox 630 1902 729 1943; x_wconf 89' lang='lat' dir='ltr'>erat</span> <span class='ocrx_word' id='word_1_155' title='bbox 750 1895 980 1959; x_wconf 89' lang='lat' dir='ltr'>plumario</span> <span class='ocrx_word' id='word_1_156' title='bbox 1001 1895 1149 1942; x_wconf 88' lang='lat' dir='ltr'>serico</span> <span class='ocrx_word' id='word_1_157' title='bbox 1170 1895 1318 1942; x_wconf 87' lang='lat' dir='ltr'>rubeo</span> <span class='ocrx_word' id='word_1_158' title='bbox 1338 1901 1586 1958; x_wconf 78' lang='lat' dir='ltr'>cooperta3</span> <span class='ocrx_word' id='word_1_159' title='bbox 1616 1894 1772 1957; x_wconf 85' lang='lat' dir='ltr'>ibique</span> 
     </span>
     <span class='ocr_line' id='line_1_22' title="bbox 366 1971 1773 2035; baseline -0.001 -15"><span class='ocrx_word' id='word_1_160' title='bbox 366 1972 425 2020; x_wconf 91' lang='lat' dir='ltr'>de</span> <span class='ocrx_word' id='word_1_161' title='bbox 455 1990 576 2035; x_wconf 91' lang='lat' dir='ltr'>equo</span> <span class='ocrx_word' id='word_1_162' title='bbox 607 1989 690 2020; x_wconf 92' lang='lat' dir='ltr'>suo</span> <span class='ocrx_word' id='word_1_163' title='bbox 714 1972 1018 2028; x_wconf 84' lang='lat' dir='ltr'>descendens,</span> <span class='ocrx_word' id='word_1_164' title='bbox 1046 1972 1257 2035; x_wconf 89' lang='lat' dir='ltr'>ejusdem</span> <span class='ocrx_word' id='word_1_165' title='bbox 1283 1972 1502 2018; x_wconf 85' lang='lat' dir='ltr'>cathedre</span> <span class='ocrx_word' id='word_1_166' title='bbox 1526 1988 1608 2019; x_wconf 91' lang='lat' dir='ltr'>sue</span> <span class='ocrx_word' id='word_1_167' title='bbox 1633 1971 1773 2018; x_wconf 86' lang='lat' dir='ltr'>corti-</span> 
     </span>
     <span class='ocr_line' id='line_1_23' title="bbox 365 2047 1451 2110; baseline -0.002 -13"><span class='ocrx_word' id='word_1_168' title='bbox 365 2066 448 2096; x_wconf 90' lang='lat' dir='ltr'>nas</span> <span class='ocrx_word' id='word_1_169' title='bbox 473 2048 680 2105; x_wconf 87' lang='lat' dir='ltr'>intravit,</span> <span class='ocrx_word' id='word_1_170' title='bbox 711 2048 950 2095; x_wconf 87' lang='lat' dir='ltr'>inimicum</span> <span class='ocrx_word' id='word_1_171' title='bbox 978 2064 1114 2094; x_wconf 92' lang='lat' dir='ltr'>suum</span> <span class='ocrx_word' id='word_1_172' title='bbox 1141 2047 1451 2110; x_wconf 87' lang='lat' dir='ltr'>expectando.</span> 
     </span>
    </p>

    <p class='ocr_par' dir='ltr' id='par_1_5' title="bbox 362 2123 1772 2723">
     <span class='ocr_line' id='line_1_24' title="bbox 430 2123 1772 2188; baseline -0.002 -15"><span class='ocrx_word' id='word_1_173' title='bbox 430 2129 530 2174; x_wconf 87' lang='lat' dir='ltr'>Rex</span> <span class='ocrx_word' id='word_1_174' title='bbox 559 2141 746 2188; x_wconf 92' lang='lat' dir='ltr'>quoque</span> <span class='ocrx_word' id='word_1_175' title='bbox 773 2124 935 2188; x_wconf 79' lang='lat' dir='ltr'>Anglie</span> <span class='ocrx_word' id='word_1_176' title='bbox 969 2123 1153 2171; x_wconf 86' lang='lat' dir='ltr'>interim</span> <span class='ocrx_word' id='word_1_177' title='bbox 1184 2124 1312 2171; x_wconf 85' lang='lat' dir='ltr'>venit</span> <span class='ocrx_word' id='word_1_178' title='bbox 1343 2123 1400 2170; x_wconf 89' lang='lat' dir='ltr'>ad</span> <span class='ocrx_word' id='word_1_179' title='bbox 1437 2123 1562 2170; x_wconf 91' lang='lat' dir='ltr'>licias</span> <span class='ocrx_word' id='word_1_180' title='bbox 1588 2128 1634 2170; x_wconf 90' lang='lat' dir='ltr'>et</span> <span class='ocrx_word' id='word_1_181' title='bbox 1665 2139 1772 2171; x_wconf 92' lang='lat' dir='ltr'>cum</span> 
     </span>
     <span class='ocr_line' id='line_1_25' title="bbox 364 2198 1770 2264; baseline -0.002 -16"><span class='ocrx_word' id='word_1_182' title='bbox 364 2217 420 2248; x_wconf 89' lang='lat' dir='ltr'>eo</span> <span class='ocrx_word' id='word_1_183' title='bbox 461 2217 624 2247; x_wconf 92' lang='lat' dir='ltr'>omnes</span> <span class='ocrx_word' id='word_1_184' title='bbox 660 2199 830 2264; x_wconf 84' lang='lat' dir='ltr'>regalis</span> <span class='ocrx_word' id='word_1_185' title='bbox 872 2199 1092 2262; x_wconf 89' lang='lat' dir='ltr'>prosapie</span> <span class='ocrx_word' id='word_1_186' title='bbox 1129 2199 1349 2255; x_wconf 85' lang='lat' dir='ltr'>barones,</span> <span class='ocrx_word' id='word_1_187' title='bbox 1390 2198 1770 2262; x_wconf 72' lang='lat' dir='ltr'>archiepiscopus</span> 
     </span>
     <span class='ocr_line' id='line_1_26' title="bbox 364 2275 1770 2333; baseline -0.003 -7"><span class='ocrx_word' id='word_1_188' title='bbox 364 2276 722 2333; x_wconf 85' lang='lat' dir='ltr'>Cantuariensis‚</span> <span class='ocrx_word' id='word_1_189' title='bbox 761 2276 947 2323; x_wconf 87' lang='lat' dir='ltr'>nomine</span> <span class='ocrx_word' id='word_1_190' title='bbox 984 2275 1300 2332; x_wconf 73' lang='lat' dir='ltr'>Waldanius2‚</span> <span class='ocrx_word' id='word_1_191' title='bbox 1337 2281 1383 2322; x_wconf 91' lang='lat' dir='ltr'>et</span> <span class='ocrx_word' id='word_1_192' title='bbox 1421 2292 1579 2323; x_wconf 89' lang='lat' dir='ltr'>comes</span> <span class='ocrx_word' id='word_1_193' title='bbox 1617 2275 1770 2323; x_wconf 84' lang='lat' dir='ltr'>Sancti</span> 
     </span>
     <span class='ocr_line' id='line_1_27' title="bbox 363 2350 1769 2415; baseline -0.003 -14"><span class='ocrx_word' id='word_1_194' title='bbox 363 2353 505 2411; x_wconf 89' lang='lat' dir='ltr'>Pauli,</span> <span class='ocrx_word' id='word_1_195' title='bbox 530 2368 719 2400; x_wconf 87' lang='lat' dir='ltr'>socerus</span> <span class='ocrx_word' id='word_1_196' title='bbox 746 2351 956 2415; x_wconf 89' lang='lat' dir='ltr'>ejusdcm</span> <span class='ocrx_word' id='word_1_197' title='bbox 981 2351 1123 2415; x_wconf 82' lang='lat' dir='ltr'>regis,</span> <span class='ocrx_word' id='word_1_198' title='bbox 1149 2351 1228 2413; x_wconf 91' lang='lat' dir='ltr'>qui</span> <span class='ocrx_word' id='word_1_199' title='bbox 1259 2368 1314 2398; x_wconf 89' lang='lat' dir='ltr'>co</span> <span class='ocrx_word' id='word_1_200' title='bbox 1338 2357 1448 2398; x_wconf 88' lang='lat' dir='ltr'>tunc</span> <span class='ocrx_word' id='word_1_201' title='bbox 1474 2366 1612 2397; x_wconf 89' lang='lat' dir='ltr'>causa</span> <span class='ocrx_word' id='word_1_202' title='bbox 1633 2350 1769 2414; x_wconf 89' lang='lat' dir='ltr'>hujus</span> 
     </span>
     <span class='ocr_line' id='line_1_28' title="bbox 364 2427 1769 2493; baseline -0.004 -16"><span class='ocrx_word' id='word_1_203' title='bbox 364 2446 469 2477; x_wconf 90' lang='lat' dir='ltr'>cum</span> <span class='ocrx_word' id='word_1_204' title='bbox 502 2446 668 2493; x_wconf 85' lang='lat' dir='ltr'>magna</span> <span class='ocrx_word' id='word_1_205' title='bbox 702 2428 994 2475; x_wconf 89' lang='lat' dir='ltr'>festinatione</span> <span class='ocrx_word' id='word_1_206' title='bbox 1028 2427 1199 2474; x_wconf 88' lang='lat' dir='ltr'>missus</span> <span class='ocrx_word' id='word_1_207' title='bbox 1236 2428 1387 2474; x_wconf 88' lang='lat' dir='ltr'>fuerat</span> <span class='ocrx_word' id='word_1_208' title='bbox 1423 2427 1481 2474; x_wconf 90' lang='lat' dir='ltr'>de</span> <span class='ocrx_word' id='word_1_209' title='bbox 1516 2427 1708 2475; x_wconf 82' lang='lat' dir='ltr'>Francia</span> <span class='ocrx_word' id='word_1_210' title='bbox 1743 2443 1769 2471; x_wconf 92' lang='lat' dir='ltr'>a</span> 
     </span>
     <span class='ocr_line' id='line_1_29' title="bbox 362 2502 1769 2571; baseline -0.003 -17"><span class='ocrx_word' id='word_1_211' title='bbox 362 2523 472 2571; x_wconf 83' lang='lat' dir='ltr'>rege</span> <span class='ocrx_word' id='word_1_212' title='bbox 507 2505 713 2562; x_wconf 87' lang='lat' dir='ltr'>Francie‚</span> <span class='ocrx_word' id='word_1_213' title='bbox 747 2504 1009 2567; x_wconf 80' lang='lat' dir='ltr'>specialiter</span> <span class='ocrx_word' id='word_1_214' title='bbox 1042 2512 1092 2551; x_wconf 90' lang='lat' dir='ltr'>ut</span> <span class='ocrx_word' id='word_1_215' title='bbox 1134 2504 1372 2551; x_wconf 81' lang='lat' dir='ltr'>assisteret</span> <span class='ocrx_word' id='word_1_216' title='bbox 1405 2520 1465 2551; x_wconf 88' lang='lat' dir='ltr'>ex</span> <span class='ocrx_word' id='word_1_217' title='bbox 1499 2511 1632 2567; x_wconf 91' lang='lat' dir='ltr'>parte</span> <span class='ocrx_word' id='word_1_218' title='bbox 1670 2502 1769 2567; x_wconf 88' lang='lat' dir='ltr'>ejus</span> 
     </span>
     <span class='ocr_line' id='line_1_30' title="bbox 364 2580 1769 2646; baseline -0.003 -16"><span class='ocrx_word' id='word_1_219' title='bbox 364 2582 629 2646; x_wconf 88' lang='lat' dir='ltr'>appellanti,</span> <span class='ocrx_word' id='word_1_220' title='bbox 666 2581 838 2628; x_wconf 89' lang='lat' dir='ltr'>scilicet</span> <span class='ocrx_word' id='word_1_221' title='bbox 865 2580 970 2628; x_wconf 87' lang='lat' dir='ltr'>duci</span> <span class='ocrx_word' id='word_1_222' title='bbox 1004 2581 1251 2637; x_wconf 88' lang='lat' dir='ltr'>Arvordie,</span> <span class='ocrx_word' id='word_1_223' title='bbox 1290 2587 1336 2627; x_wconf 84' lang='lat' dir='ltr'>et</span> <span class='ocrx_word' id='word_1_224' title='bbox 1372 2580 1543 2627; x_wconf 86' lang='lat' dir='ltr'>obnixe</span> <span class='ocrx_word' id='word_1_225' title='bbox 1579 2585 1769 2644; x_wconf 84' lang='lat' dir='ltr'>rogaret</span> 
     </span>
     <span class='ocr_line' id='line_1_31' title="bbox 363 2656 1767 2723; baseline -0.003 -17"><span class='ocrx_word' id='word_1_226' title='bbox 363 2676 587 2723; x_wconf 82' lang='lat' dir='ltr'>generum</span> <span class='ocrx_word' id='word_1_227' title='bbox 625 2675 762 2706; x_wconf 91' lang='lat' dir='ltr'>suum</span> <span class='ocrx_word' id='word_1_228' title='bbox 795 2674 954 2722; x_wconf 81' lang='lat' dir='ltr'>regem</span> <span class='ocrx_word' id='word_1_229' title='bbox 987 2658 1271 2706; x_wconf 88' lang='lat' dir='ltr'>Richardum</span> <span class='ocrx_word' id='word_1_230' title='bbox 1306 2675 1364 2704; x_wconf 81' lang='lat' dir='ltr'>ex</span> <span class='ocrx_word' id='word_1_231' title='bbox 1396 2663 1527 2720; x_wconf 87' lang='lat' dir='ltr'>parte</span> <span class='ocrx_word' id='word_1_232' title='bbox 1562 2656 1678 2720; x_wconf 87' lang='lat' dir='ltr'>ejus,</span> <span class='ocrx_word' id='word_1_233' title='bbox 1717 2662 1767 2703; x_wconf 91' lang='lat' dir='ltr'>ut</span> 
     </span>
    </p>
   </div>
   <div class='ocr_carea' id='block_1_3' title="bbox 412 2806 1163 2903">
    <p class='ocr_par' dir='ltr' id='par_1_6' title="bbox 412 2806 1163 2903">
     <span class='ocr_line' id='line_1_32' title="bbox 413 2806 1163 2845; baseline -0.001 -1"><span class='ocrx_word' id='word_1_234' title='bbox 413 2810 443 2844; x_wconf 72' lang='grc'>’1.</span> <span class='ocrx_word' id='word_1_235' title='bbox 469 2808 559 2844; x_wconf 82' lang='lat' dir='ltr'>Plus</span> <span class='ocrx_word' id='word_1_236' title='bbox 581 2813 825 2845; x_wconf 84' lang='lat' dir='ltr'>exactement</span> <span class='ocrx_word' id='word_1_237' title='bbox 849 2806 1000 2843; x_wconf 82' lang='lat' dir='ltr'>Walter</span> <span class='ocrx_word' id='word_1_238' title='bbox 1019 2807 1163 2844; x_wconf 82' lang='lat' dir='ltr'>Stuart.</span> 
     </span>
     <span class='ocr_line' id='line_1_33' title="bbox 412 2866 652 2903; baseline 0.004 -2"><span class='ocrx_word' id='word_1_239' title='bbox 412 2867 444 2901; x_wconf 69' lang='lat' dir='ltr'>Q.</span> <span class='ocrx_word' id='word_1_240' title='bbox 470 2866 652 2903; x_wconf 84' lang='lat' dir='ltr'>Walden.</span> 
     </span>
    </p>
   </div>
  </div>
 </body>
</html>
