1941 3294
317 334 352 359 n·
830 317 1135 352 AVANT-PROPO
1142 316 1163 348 S
1171 340 1180 349 .

315 405 355 446 le
389 404 589 460 prologue
625 399 833 448 suivant1,
870 398 971 440 dont
1006 396 1038 437 il
1072 399 1134 437 est
1169 393 1354 450 superfiu
1396 393 1446 436 de
1485 394 1698 449 souligner

314 480 373 522 les
397 478 719 521 ressemblances
747 488 851 518 avec
875 474 915 515 le
938 471 1139 528 prologue
1162 471 1212 513 de
1235 470 1278 513 la
1304 474 1447 513 courte
1472 470 1701 524 chronique

315 556 386 598 des
413 556 496 597 rois
522 554 571 596 de
596 554 759 595 France
785 551 835 593 de
862 549 1098 592 Guillaume
1123 546 1172 589 de
1189 547 1358 603 Nangis
1382 550 1422 588 et
1439 546 1480 588 16
1499 546 1701 602 prologue

315 631 422 673 (1616
445 628 834 684 Chronoyraplzz'a
857 640 870 667 .·

375 724 396 745 «
418 705 696 749 Considerans
714 702 885 745 historie
904 713 1023 742 sacre
1048 699 1333 754 prolixitatem
1353 712 1515 741 necnon
1535 702 1575 740 et
1593 696 1705 740 diffi-

317 800 338 822 «
362 783 558 825 cultatem
585 780 810 823 scolarium
831 789 993 832 quoque
1012 776 1125 818 circa
1146 775 1329 817 studium
1348 788 1468 818 sacre
1491 775 1700 825 lectionis,

316 876 338 897 «
360 859 541 901 maxime
561 857 671 898 illius
689 868 768 910 que
786 855 828 896 in
848 852 1033 908 hystorie
1049 851 1320 894 fundamento
1336 855 1548 901 versatur,
1565 849 1704 907 negli-

316 952 337 972 «
361 936 543 991 gentiam
562 930 835 988 quorumdam
849 941 1012 984 quoque
1026 942 1080 970 ex
1093 928 1234 983 inopia
1248 928 1472 970 verborum
1492 927 1704 983 impericie

317 1028 338 1048 «
362 1023 433 1052 sue
457 1009 606 1051 solatia
637 1006 916 1062 querentium,
947 1004 1179 1046 volentium
1208 1005 1328 1059 quasi
1353 1005 1397 1045 in
1424 1003 1568 1045 saculo
1597 1016 1705 1058 quo-

316 1103 337 1124 «
360 1086 453 1128 dam
474 1084 710 1127 memoriter
728 1086 869 1124 tenere
891 1081 1154 1123 narrationes
1176 1080 1477 1136 hystoriarum,
1501 1079 1704 1135 temptavi

317 1180 338 1200 ‹<
362 1163 508 1204 seriem
528 1164 769 1202 sanctorum
788 1162 955 1214 patrum
975 1171 1000 1199 a
1022 1157 1172 1211 quibus
1191 1169 1266 1211 per
1284 1156 1499 1198 leviticam
1518 1159 1560 1197 et
1577 1168 1705 1211 rega-

317 1256 339 1276 «
361 1239 443 1280 lem
463 1237 644 1287 [tribum]
667 1235 860 1278 Christus
879 1234 1084 1289 originem
1103 1233 1266 1281 habuit,
1290 1245 1383 1274 cum
1404 1245 1546 1273 eorum
1566 1232 1706 1286 operi-

317 1332 338 1353 «
360 1315 453 1363 bus,
477 1315 519 1355 in
545 1325 674 1354 unum
701 1311 948 1366 opusculum
974 1310 1176 1365 redigere,
1203 1308 1311 1364 quod
1336 1312 1376 1350 et
1400 1308 1707 1350 fastidientibus

317 1408 337 1429 <‹
360 1390 643 1446 prolixitatem
669 1392 840 1444 propter
859 1387 1089 1442 subjectam
1114 1385 1271 1428 occulis
1297 1385 1472 1427 formam
1497 1385 1628 1427 animi
1653 1384 1707 1426 sit

318 1485 338 1505 ‹<
361 1466 586 1509 oblectacio
611 1469 650 1506 et
670 1478 694 1507 a
723 1464 916 1506 studiosis
942 1462 1067 1505 facile
1094 1463 1254 1518 possint
1278 1475 1351 1517 pre
1376 1461 1533 1504 occulis
1560 1461 1705 1503 habita

319 1560 339 1581 «
361 1543 556 1584 memorie
581 1540 861 1584 commendari
880 1544 919 1581 et
938 1539 1129 1581 omnibus
1156 1538 1394 1594 legentibus
1418 1537 1580 1580 utilitas
1603 1550 1706 1579 con-

317 1637 338 1657 «
362 1619 475 1661 ferri.
492 1619 540 1660 In
559 1631 640 1673 quo
658 1616 821 1672 quidem
839 1629 922 1658 non
938 1615 1104 1657 facilem
1122 1615 1323 1665 laborem,
1341 1615 1466 1656 immo
1487 1614 1707 1674 negocium

317 1712 338 1734 ‹<
360 1696 527 1751 plenum
557 1694 801 1750 vigiliarum
827 1692 1056 1747 assumpsi3
1088 1695 1228 1733 tamen
1253 1691 1450 1732 brevitati
1477 1689 1706 1744 secundum

318 1788 339 1810 «
362 1771 503 1814 datam
530 1770 706 1813 formam
731 1770 789 1811 ita
818 1769 974 1818 studui,
996 1772 1043 1809 ut
1067 1768 1196 1809 nichil
1217 1767 1265 1809 de
1289 1768 1466 1809 veritate
1484 1767 1710 1808 detrunca—

318 1865 339 1886 «
361 1861 470 1897 rem,
506 1847 576 1889 sed
606 1847 660 1888 ab
693 1846 828 1888 Adam
865 1845 1068 1887 inchoans
1105 1857 1180 1900 per
1210 1843 1498 1900 patriarchas,
1528 1843 1706 1899 judices,

318 1942 338 1962 «
362 1938 492 1980 reges,
516 1923 740 1979 prophetas
763 1926 804 1964 et
823 1921 1059 1964 sacerdotes
1085 1922 1143 1962 eis
1169 1924 1555 1976 contemporaneOS,
1579 1933 1710 1975 usque

319 2018 339 2039 «
362 2001 416 2043 ad
434 2001 662 2049 Christum,
684 1999 809 2041 finem
829 2002 1032 2048 nostrum,
1057 1997 1244 2040 ordinem
1265 1996 1457 2052 perduxi.
1486 2013 1507 2035 »

376 2078 432 2118 Ce
450 2077 553 2118 n'est
572 2090 647 2132 pas
667 2080 772 2126 tout,
796 2079 835 2117 et
855 2076 916 2117 M.
937 2075 985 2116 L.
1010 2074 1161 2116 Delisle
1181 2087 1205 2115 a
1227 2071 1366 2115 releve
1389 2073 1428 2115 le
1452 2071 1583 2114 meme
1607 2085 1711 2128 pro-

316 2153 439 2209 logue
464 2167 542 2208 que
568 2153 674 2195 celui
700 2152 748 2194 de
768 2153 913 2195 Pierre
932 2150 981 2193 de
1003 2151 1197 2200 PoitierS‚
1221 2163 1272 2191 en
1300 2148 1382 2191 tete
1411 2149 1481 2191 des
1508 2149 1711 2191 tableaux

317 2229 528 2271 d'histoire
545 2230 678 2271 sainte
697 2228 848 2270 decrits
867 2241 946 2284 par
964 2227 1025 2270 lui
1044 2227 1149 2269 dans
1168 2226 1410 2268 l'Hz'stoz're
1430 2224 1665 2268 litte'raire
1676 2224 1706 2267 ἱ).

318 2306 392 2347 Τ61
418 2310 478 2347 est
497 2319 543 2348 ce
562 2305 777 2361 prologue,
802 2318 899 2347 sans
924 2303 1027 2359 qu’il
1053 2303 1132 2345 soit
1158 2302 1244 2345 aise
1265 2302 1314 2344 de
1333 2301 1582 2344 determiner
1600 2302 1655 2344 ici
1675 2302 1712 2343 si

317 2382 356 2423 16
375 2382 646 2437 compilateur
666 2381 715 2423 de
733 2382 775 2423 la
797 2379 1200 2437 Chmnoymphia,
1223 2392 1319 2421 sous
1337 2379 1380 2421 16
1397 2376 1601 2421 forme-ou
1621 2378 1653 2419 il
1671 2377 1711 2420 16

319 2458 472 2508 donne,
504 2458 542 2499 16
569 2457 655 2500 doit
683 2471 737 2500 ou
767 2456 825 2500 l’a
856 2456 994 2500 fourni
1027 2456 1052 2498 a
1083 2455 1325 2498 Guillaume
1357 2455 1406 2497 de
1437 2455 1619 2511 Nangis.

369 2598 400 2633 1.
423 2597 520 2632 Bibl.
544 2603 637 2640 nat.,
660 2597 724 2632 lat..
750 2596 852 2641 1660,
875 2596 936 2632 fol.
958 2597 995 2632 11
1013 2604 1066 2638 r0;
1088 2595 1154 2632 lat.
1173 2595 1277 2641 5101,
1294 2595 1356 2631 fol.
1379 2595 1473 2640 2v03
1495 2594 1560 2630 lat.
1580 2593 1709 2640 14435,

323 2655 384 2691 fol.
412 2656 494 2700 1363
516 2656 578 2691 lat.
606 2656 716 2692 15254
737 2660 774 2691 et
798 2655 922 2699 17579,
946 2655 1009 2691 fol.
1032 2655 1115 2699 211,
1136 2660 1209 2691 etc.

369 2713 401 2749 2.
425 2715 540 2750 Livres
560 2714 729 2759 d'imayes
745 2715 896 2749 destines
911 2715 934 2749 ὰ
954 2713 1201 2749 c'instruction
1216 2715 1417 2758 reliqieuse‚
1442 2713 1596 2748 Histoire
1617 2713 1709 2748 litte'-

324 2774 434 2814 raire,
460 2778 484 2807 t.
507 2772 662 2818 XXXI,
685 2784 719 2819 p.
743 2772 809 2808 255
830 2778 867 2808 et
889 2771 969 2809 256.
