1941 3294
175 274 280 320 1397]
449 277 819 310 CHRONOGRAPHIA
843 277 996 310 REGUM
1020 276 1300 309 FRANCORUM.
1506 273 1572 310 139

172 357 371 406 transire
396 357 667 405 festinantes
692 356 810 403 infra
831 356 1102 420 voraginem
1132 355 1301 403 fluctus
1327 354 1572 418 periclitati

173 440 297 482 sunt.
343 434 624 482 Christianos
667 422 780 497 ergo
820 433 1115 497 diffugientes
1152 432 1288 479 Turci
1326 431 1569 488 infestant,

172 511 413 557 infestatos
438 526 551 557 vero
577 509 749 572 partim
774 510 819 556 in
845 510 1001 566 undis,
1029 509 1199 573 partim
1225 524 1369 571 super
1387 508 1571 572 rippam

171 592 475 649 prosternunt
504 593 551 633 et
581 602 704 633 nunc
729 585 829 643 hac,
861 602 982 633 nunc
1007 585 1125 641 illac,
1155 584 1381 648 dispersis
1407 601 1569 632 eorum

170 663 356 711 aciebus
387 662 717 719 discurrendo,
754 662 1021 725 dupplicem
1050 678 1211 710 necem
1243 661 1310 709 eis
1342 661 1571 725 ingestam

169 756 273 787 esse
292 740 510 787 letantur.

234 815 428 873 Quidam
467 831 581 862 vero
628 822 779 863 castra
824 816 1191 864 Christianorum
1240 818 1568 879 pervagantes,

168 898 399 955 quotquot
431 898 702 940 nostrorum
735 893 1044 940 occurrebant
1078 893 1242 956 gladiis
1278 892 1568 948 occiderunt,

166 969 225 1015 ab
258 969 435 1016 eisdem
467 969 630 1016 ablatis
664 968 843 1016 diviciis
874 969 1247 1033 quibuscunque.
1280 972 1373 1016 Nec
1397 968 1573 1015 mirum

167 1061 281 1110 ergo
318 1046 356 1092 si
387 1046 549 1093 Franci
581 1046 691 1093 victi
727 1054 835 1093 sunt
869 1047 1090 1109 quoniam
1124 1062 1299 1109 paucos
1336 1045 1574 1093 habebant

168 1138 325 1170 secum
366 1123 423 1170 ad
461 1123 753 1186 preliandum
791 1129 953 1170 contra
994 1125 1274 1170 Sarracenos
1318 1122 1399 1185 qui
1437 1127 1571 1169 erant

167 1215 363 1246 numero
395 1206 583 1247 centum
621 1200 744 1246 milia
785 1199 986 1247 estimati
1032 1217 1040 1246 :
1090 1199 1134 1246 in
1173 1204 1274 1246 toto
1314 1198 1438 1245 enim
1477 1214 1570 1244 non

165 1281 315 1332 erant,
344 1282 440 1323 tam
473 1276 532 1323 de
567 1276 817 1340 Flamingis
852 1276 1148 1340 Anglicisque
1184 1292 1324 1338 quam
1359 1275 1458 1322 aliis
1490 1274 1570 1337 qui

165 1366 273 1397 cum
292 1350 358 1397 eis
377 1356 527 1406 erant,
553 1350 656 1414 plus
677 1367 819 1413 quam
836 1351 935 1414 viij-*¹
960 1351 1331 1406 bachinetorum,
1355 1356 1402 1396 et
1421 1349 1568 1396 eciam

163 1429 286 1473 Deus
322 1443 414 1473 non
455 1432 556 1474 erat
592 1443 699 1474 cum
738 1427 822 1474 eis.
863 1431 960 1475 Hoc
994 1427 1168 1474 bellum
1206 1427 1374 1474 accidit
1411 1443 1570 1474 mense

164 1502 421 1566 septembri
444 1502 519 1550 die
546 1503 691 1550 sancti
717 1503 907 1550 Firmini
934 1503 1142 1566 episcopi
1163 1509 1210 1550 et
1236 1502 1486 1550 martiris1.

227 1579 309 1627 Die
334 1596 448 1627 vero
472 1580 702 1643 sequenti,
722 1580 938 1628 Baizacus
961 1580 1019 1626 ab
1043 1580 1111 1626 ira
1131 1580 1303 1626 furoris
1328 1579 1426 1643 ejus
1450 1596 1569 1626 nun—

163 1655 276 1703 dum
301 1657 556 1721 mitigatUS,
591 1657 637 1703 in
673 1657 876 1704 tentorio
903 1673 987 1704 suo
1015 1656 1182 1704 sedens
1208 1673 1296 1719 pro
1328 1656 1564 1712 tribunali,

163 1732 401 1779 mandavit
434 1749 591 1780 coram
630 1749 680 1779 se
712 1749 875 1779 omnes
909 1732 1192 1780 Christianos
1222 1731 1301 1795 qui
1327 1732 1450 1795 capti
1473 1732 1570 1779 fue-

162 1814 266 1854 rant
292 1808 339 1854 in
365 1807 541 1871 prelio;
579 1807 656 1869 qui
692 1824 797 1855 cum
829 1807 939 1854 nudi
966 1807 1155 1854 adducti
1188 1807 1384 1854 fuissent
1410 1823 1569 1854 coram

162 1901 236 1942 eo,
276 1885 433 1932 statim
466 1902 492 1931 a
530 1884 805 1932 satellitibus
847 1885 945 1949 ejus
983 1884 1176 1940 ibidem,
1212 1890 1318 1931 ante
1346 1883 1421 1930 vel
1456 1883 1568 1931 satis

161 1977 310 2025 prope
347 1960 524 2008 dictum
561 1961 819 2009 tentorium
851 1977 1006 2017 suum,
1041 1977 1199 2008 amara
1235 1966 1387 2008 morte
1419 1960 1568 2008 necati

161 2043 269 2085 sunt
298 2055 307 2084 :
338 2038 557 2086 satellites
582 2038 707 2084 enim
733 2037 868 2085 Turci
895 2037 953 2084 de
979 2036 1144 2101 gladiis
1170 2037 1267 2084 suis
1294 2053 1438 2100 super
1463 2053 1568 2084 eos-

160 2115 267 2162 dem
305 2115 589 2162 Christianos
629 2115 760 2179 jussu
804 2115 904 2179 ejus
946 2115 1083 2162 simul
1125 2114 1315 2162 funibus
1357 2115 1567 2180 alligatos

161 2190 489 2254 percuciebant
515 2207 658 2238 unum
688 2191 734 2238 in
767 2191 934 2254 capite,
964 2191 1105 2238 alium
1130 2190 1176 2237 in
1202 2191 1338 2247 collo,
1368 2191 1566 2238 alterum

158 2268 205 2313 in
238 2267 438 2331 scapulis
463 2273 509 2314 et
535 2267 600 2315 sic
624 2283 788 2315 omnes
814 2268 1042 2316 ululantes
1068 2274 1114 2315 et
1141 2268 1376 2316 Christum
1400 2268 1565 2315 Filium

158 2343 238 2391 Dei
279 2359 394 2390 voce
430 2359 597 2407 magna
631 2344 963 2401 reclamantes,
999 2344 1250 2392 crudeliter
1295 2343 1565 2391 martirizati

158 2425 283 2467 sunt.

221 2498 314 2544 Nec
354 2495 412 2543 ab
452 2497 540 2545 hoc
582 2497 748 2544 mortis
792 2512 965 2562 genere
1008 2497 1216 2562 exempti
1268 2502 1377 2545 sunt
1423 2496 1564 2561 aliqui

156 2578 584 2636 quantumcumque
618 2573 821 2632 nobiles,
855 2580 1017 2638 preter
1050 2574 1272 2623 comitem
1309 2574 1564 2622 Nivernen-

206 2745 238 2779 1.
261 2744 305 2781 25
325 2745 541 2792 septembre
564 2745 665 2783 1397.
