1941 3294
216 269 320 315 1401]
490 270 858 303 GHRONOGRAPHIA
883 270 1035 303 REGUM
1060 270 1339 302 FRANCORUM.
1544 268 1609 304 Δ193

214 349 337 396 inter
372 347 547 395 dictum
583 347 749 394 ducem
786 346 1051 411 Burgundie
1090 352 1136 392 et
1176 346 1351 394 dietum
1392 352 1613 410 nepotem

215 442 375 482 suum,
415 425 582 472 ducem
618 423 832 471 videlicet
866 424 1268 480 Aurelianensem‚
1308 426 1369 471 ita
1405 431 1455 471 ut
1492 425 1613 472 circa

213 502 369 549 Natale
399 501 582 549 Domini
613 500 821 564 ejusdem
856 501 980 558 anni,
1016 501 1215 548 parisius
1248 501 1387 548 ambo
1418 518 1613 565 congre—

213 584 377 641 garent
407 577 618 626 homines
648 593 905 634 armorum,
941 583 1171 641 quotquot
1196 577 1367 624 habere
1396 584 1614 641 poterant

213 654 413 701 Parisius
449 672 458 700 :
499 652 621 700 unde
653 652 932 701 Parisienses
959 654 1112 717 aliquo
1147 654 1289 701 modo
1315 653 1608 712 dubitabant,

213 736 322 777 tunc
347 746 458 794 rege
487 730 675 777 Franoie
707 729 754 776 in
782 747 866 777 suo
897 731 1048 777 Sancti
1081 730 1207 778 Pauli
1236 730 1445 793 hospicio
1477 748 1614 794 egro-

211 811 355 854 tante.
385 809 558 855 Verum
584 806 679 853 dux
702 806 969 870 Burgundie
998 806 1156 870 plures
1179 807 1379 854 habebat
1402 807 1614 854 homines

211 898 449 930 armorum
493 882 551 929 de
589 882 766 946 dupplo
801 889 847 930 et
887 883 1086 945 amplius
1124 899 1262 946 quam
1299 899 1445 947 nepos
1480 900 1609 940 suus,

211 974 478 1022 quanquam
502 964 548 1005 et
572 958 672 1022 ipse
700 958 869 1006 multos
892 966 1238 1023 congregasset.

273 1038 405 1092 Nam,
442 1034 643 1098 quadam
678 1035 795 1092 vice,
831 1034 956 1082 idem
990 1035 1088 1082 dux
1118 1035 1383 1099 Bur-gundie
1415 1035 1527 1082 exiit
1555 1035 1613 1083 de

209 1112 409 1159 Parisius
434 1111 567 1175 quasi
598 1128 703 1159 curn
734 1111 940 1175 quinque
969 1111 1155 1158 milibus
1182 1112 1391 1174 equitum
1417 1112 1490 1159 vel
1517 1129 1614 1159 am—

210 1188 348 1251 plius,
377 1204 580 1252 pergens
605 1188 663 1235 ad
695 1188 904 1252 reginam
930 1194 1041 1235 tunc
1073 1195 1321 1235 exeuntem
1347 1189 1393 1235 in
1421 1205 1613 1236 nemore

210 1264 485 1314 Vioenarum
506 1282 596 1327 que
613 1264 768 1328 ipsum
789 1264 1110 1311 mandaverat.
1131 1265 1355 1327 Denique,
1381 1282 1473 1312 non
1494 1265 1614 1312 mul-

209 1346 310 1388 tum
342 1348 467 1404 post,
508 1340 649 1388 duces
679 1340 851 1387 Biturie
888 1347 933 1388 et
964 1341 1184 1388 Borbonii
1219 1358 1418 1388 unacum
1453 1342 1614 1406 regina

208 1417 398 1465 Francie
421 1422 467 1464 et
495 1416 765 1479 Delphino¹‚
795 1415 1108 1481 primogenito
1137 1416 1260 1481 regis
1293 1417 1502 1473 Francie,
1533 1417 1614 1481 qui

209 1493 442 1542 modicum
462 1499 570 1557 post
590 1492 722 1550 obiit,
743 1492 1147 1541 concordaverunt
1163 1510 1262 1541 eos.
1287 1493 1465 1541 Idcirco
1487 1500 1615 1541 uter-

207 1586 298 1634 que
318 1585 481 1617 eorum
507 1569 687 1616 remisit
712 1584 822 1616 suos
841 1569 1053 1617 homines
1073 1585 1332 1617 armorum.

271 1646 449 1694 Eodem
474 1661 596 1693 anno
620 1645 880 1703 Clemens&
906 1646 1001 1693 dux
1025 1645 1215 1695 Bavarie
1242 1647 1386 1694 frater
1407 1652 1453 1693 et
1479 1645 1615 1694 heres

207 1723 435 1787 Rupperti
462 1722 592 1770 ducis
611 1722 803 1770 Bavarie
830 1722 1034 1770 defuncti
1055 1723 1113 1771 de
1134 1739 1228 1786 quo
1249 1722 1464 1786 superius
1484 1739 1615 1770 men-

208 1864 369 1900 nombre
389 1863 434 1899 de
455 1863 683 1900 documents
714 1863 858 1899 relatifs
885 1863 907 1899 a
935 1874 997 1900 ces
1019 1863 1117 1899 faits.
1142 1864 1193 1899 Le
1214 1864 1258 1900 25
1281 1863 1486 1900 decembre
1508 1864 1614 1911 1401,

207 1923 373 1959 l'aocord
400 1927 509 1959 entre
534 1923 590 1958 les
617 1922 710 1958 dues
738 1922 783 1958 de
809 1922 1040 1969 Bourgogne
1067 1928 1105 1959 et
1131 1922 1332 1959 d'Orleans
1362 1923 1454 1958 etait
1485 1933 1551 1958 sur
1579 1923 1614 1959 le

206 1982 313 2029 point
333 1981 378 2018 de
399 1992 439 2017 se
459 1982 642 2018 conclure
663 1987 714 2028 et,
736 1982 771 2018 le
794 1982 836 2017 14
853 1981 1006 2028 janvier
1027 1982 1116 2018 1402
1135 1985 1186 2026 (n.
1205 1984 1282 2028 st.),
1300 1982 1335 2017 la
1358 1981 1464 2017 reine
1485 1981 1613 2017 faisait

207 2041 338 2088 signer
358 2051 410 2076 un
432 2039 543 2076 traite
565 2051 641 2075 aux
661 2039 761 2075 deux
786 2040 928 2087 parties
951 2040 1090 2086 (Donet
1114 2040 1271 2087 d’Arcq,
1295 2041 1409 2077 Ghoioe
1436 2042 1477 2076 de
1503 2042 1615 2086 pieces

206 2101 358 2135 ine'dites
380 2101 545 2135 relatives
566 2110 616 2134 au
636 2101 744 2144 reqne
764 2101 806 2134 de
826 2100 975 2136 charles
1004 2101 1054 2144 VJ,
1079 2104 1106 2135 t.
1129 2099 1161 2145 I,
1183 2111 1218 2146 p.
1241 2099 1309 2135 208
1332 2104 1369 2135 et
1390 2099 1471 2135 220.
1492 2119 1535 2126 —-
1556 2098 1613 2135 Cf.

209 2160 416 2203 Ghronz'que
435 2160 485 2193 clu
505 2160 691 2203 Reliqieuoe
716 2159 757 2194 de
782 2159 1038 2204 Sabim-Derim,
1064 2164 1090 2194 t.
1113 2157 1185 2202 ΙΙΙ,
1206 2169 1241 2205 p.
1268 2158 1326 2204 12,
1348 2163 1386 2193 et
1407 2159 1615 2203 Chronique

207 2218 412 2254 normande
432 2218 472 2252 de
493 2218 616 2252 Pierre
637 2217 787 2260 Cochen,
811 2228 847 2264 p.
870 2217 966 2263 204).

257 2277 290 2311 1.
313 2275 366 2312 Le
397 2286 488 2311 nom
519 2275 568 2310 du
600 2275 783 2322 Dauphin
819 2287 866 2311 ne
898 2275 1022 2322 parait
1054 2287 1122 2323 pas
1149 2276 1246 2312 dans
1274 2276 1537 2312 l’instrument
1564 2275 1613 2311 du

208 2334 321 2370 traite
343 2334 481 2379 (Donet
502 2334 658 2381 d⁷Arcq,
680 2335 793 2370 Choioe
812 2336 854 2371 de
870 2337 983 2380 pieces
1003 2337 1155 2371 ineditas
1176 2337 1344 2371 relatives
1370 2346 1421 2370 au
1442 2337 1552 2380 reyne
1573 2336 1614 2370 cie

209 2394 357 2430 Charles
387 2395 438 2434 VI,
462 2399 488 2429 t.
512 2393 543 2438 I,
565 2404 600 2439 p.
623 2394 720 2437 220).

255 2452 287 2489 2.
311 2452 362 2488 Μ.
391 2451 668 2498 Weizsaoker,
699 2452 795 2488 dans
822 2453 859 2489 la
888 2459 1049 2490 savante
1081 2453 1318 2500 publication
1350 2453 1416 2489 des
1444 2453 1614 2488 Deutsche

211 2512 523 2557 Reichstaqsalcten
556 2514 600 2557 (t.
636 2511 706 2556 IV,
740 2523 775 2558 p.
804 2512 910 2558 313),
937 2517 1089 2549 montre
1122 2524 1194 2560 que
1229 2525 1271 2550 ce
1305 2523 1395 2548 nom
1431 2511 1557 2547 donno
1592 2511 1614 2546 a

212 2570 355 2608 Rohert
384 2570 429 2607 de
458 2570 622 2607 Baviere
648 2571 755 2607 vient
779 2571 824 2608 de
855 2583 923 2608 son
951 2583 1109 2609 surnom
1136 2573 1182 2608 de
1207 2572 1326 2609 Glom.
1351 2572 1401 2607 M.
1432 2572 1474 2606 E.
1496 2571 1612 2617 Jarry

211 2633 266 2675 (la
299 2631 355 2666 Vie
379 2632 557 2676 potitique
584 2631 624 2665 de
657 2631 759 2666 Louis
784 2632 825 2667 de
858 2633 1008 2675 France,
1044 2633 1115 2668 duc
1153 2634 1362 2673 d’Orle'ans‚
1397 2642 1432 2677 p.
1469 2630 1555 2675 238)
1592 2641 1614 2664 a

210 2688 357 2735 signale
387 2688 423 2724 la
448 2689 577 2724 meme
607 2688 829 2734 confusion,
856 2689 944 2737 qu’il
976 2701 998 2725 a
1030 2690 1178 2726 relevee
1206 2690 1302 2726 dans
1335 2690 1370 2725 la
1404 2690 1612 2733 Chronique

210 2748 469 2793 d’Enquerran
489 2750 530 2783 cle
551 2750 755 2784 Monstrelet
779 2749 819 2793 (t.
844 2749 873 2795 Ι,
896 2760 930 2795 p.
956 2750 1027 2795 36).

351 2812 397 2843 111
1427 2808 1468 2844 13
