1941 3294
209 262 312 308 1395]
483 263 852 296 CHRONOGRAPHIA
878 263 1031 296 REGUM
1055 262 1335 296 FRANCORUM.
1541 259 1606 295 127

211 364 231 389 <t
263 344 400 408 pibus
435 342 830 406 persequendum,
873 343 1161 407 assignantes
1207 358 1296 406 pro
1333 358 1470 389 causa
1515 358 1607 388 non

211 440 230 464 ι(
263 436 448 468 causam
485 425 532 466 et
572 434 680 466 suas
714 418 904 465 frivolas
944 418 1176 474 raciones,
1216 417 1342 480 juste
1385 417 1612 465 deberent

210 516 229 540 ε(
262 496 388 544 omni
416 496 594 543 honore
620 501 665 541 et
691 495 965 542 auctoritate
993 493 1247 559 magistrali
1273 511 1357 541 seu
1384 493 1613 541 doctorali

210 592 230 617 α
261 573 454 636 privari,
489 588 542 618 ac
567 571 672 634 plus
698 587 839 633 quam
867 588 1032 636 regum
1063 577 1110 618 et
1137 570 1414 618 secularium
1440 570 1613 634 princi-

208 668 228 693 «
260 665 374 712 pum
399 647 751 712 ignomini[os]e
777 649 965 695 tractari
986 647 1272 711 proditores.

245 767 247 769 .
272 751 292 776 (ι
325 731 610 793 Quicumque
627 730 844 793 princeps
863 729 1135 793 temporalis
1151 728 1454 792 pertinaciter
1469 729 1612 777 adhe-

207 827 227 852 «
258 813 385 854 reret
419 813 465 854 et
499 807 677 854 faveret
706 806 912 871 dogmati
950 813 996 853 et
1032 805 1450 870 dogmatizantibus
1481 806 1608 868 quod

206 903 226 928 <z
259 883 471 931 videlicet
506 886 630 946 Papa
673 883 814 931 debet
851 883 1067 946 compelli
1107 899 1193 946 per
1236 883 1360 929 viam
1404 882 1511 930 facti
1550 882 1609 929 ad

206 978 227 1003 α
258 959 627 1007 renunciandum
668 959 884 1022 papatui,
931 959 1005 1005 vel
1050 958 1174 1021 quod
1219 957 1421 1005 debeant
1456 958 1610 1022 ipsum

206 1055 226 1080 (ς
258 1036 480 1099 prosequi
529 1041 769 1099 tamquam
815 1035 1130 1083 scismaticum
1173 1040 1219 1082 et
1268 1035 1525 1082 hereticum
1573 1034 1611 1083 si

206 1131 227 1156 ε(
257 1119 495 1161 recusaret
530 1113 655 1159 viam
688 1112 1051 1160 renunciationis
1085 1112 1358 1167 admittere,
1396 1117 1520 1159 esset
1553 1111 1612 1159 de

206 1208 227 1233 ι(
254 1189 358 1253 jure
400 1189 527 1237 omni
571 1189 778 1236 dominio
825 1206 910 1236 suo
954 1188 1212 1253 privandus
1257 1188 1330 1235 vel
1369 1188 1474 1251 ipso
1513 1188 1612 1252 jure

206 1284 225 1309 «
258 1266 488 1328 privatus.

270 1366 290 1391 «
322 1348 455 1405 Quod
495 1349 635 1410 Papa,
682 1352 844 1410 preter
882 1347 1007 1394 viam
1039 1352 1329 1403 consuetam,
1371 1347 1610 1395 renuenda

205 1443 225 1468 (ι
254 1424 472 1482 Ecclesia,
507 1429 720 1472 teneatur
750 1430 993 1487 acceptare
1025 1424 1164 1471 istam
1193 1424 1318 1471 viam
1351 1424 1423 1471 vel
1450 1424 1606 1482 aliam,

205 1521 226 1547 <t
257 1506 309 1549 ut
345 1507 458 1565 puta
506 1500 630 1548 viam
679 1501 926 1554 cessionis,
971 1500 1046 1548 vel
1092 1517 1209 1558 non,
1257 1501 1398 1548 habet
1437 1503 1607 1559 Deum,

205 1597 225 1623 <x
256 1578 386 1642 cujus
419 1584 490 1626 est
528 1577 825 1625 immediatus
857 1577 1081 1634 vicarius,
1121 1583 1167 1624 et
1199 1577 1443 1640 propriam
1475 1594 1612 1625 cons-

204 1673 224 1697 «
257 1654 478 1701 cienciam
511 1660 557 1701 et
591 1653 910 1700 confessorem
943 1670 1080 1701 suum
1108 1653 1156 1700 in
1189 1653 1292 1700 foro
1319 1654 1609 1702 consciencie

204 1749 224 1773 «
251 1729 446 1793 judices,
475 1736 522 1776 et
545 1730 723 1777 nullum
749 1746 891 1793 super
919 1730 1007 1777 hoc
1032 1730 1171 1777 alium
1198 1730 1337 1778 habet
1364 1731 1611 1778 mortalem

203 1806 471 1870 «judicem.
522 1807 605 1864 Qui
657 1823 770 1853 vero
814 1806 949 1870 hujus
994 1806 1266 1869 oppositum
1308 1807 1611 1870 pertinaciter

204 1901 223 1926 α
252 1881 433 1939 asserit,
464 1881 696 1929 hereticus
713 1882 787 1928 vel
815 1882 1091 1929 temerarius
1112 1888 1183 1930 est
1203 1882 1483 1930 censendus,
1519 1901 1539 1927 D

262 1967 352 2011 Iste
398 1964 718 2011 conclusiones
758 1964 974 2028 opposite
1023 1965 1400 2013 conclusionibus
1447 1965 1605 2013 fratris

199 2040 422 2088 Johannis
457 2041 647 2088 Hatonis
677 2040 863 2088 fuerunt
889 2040 1058 2088 tradite
1084 2047 1130 2088 et
1165 2040 1398 2104 publicate
1425 2041 1471 2088 in
1498 2041 1609 2089 Avi-

200 2117 337 2164 nione
356 2133 415 2163 ex
440 2123 573 2180 parte
599 2117 951 2166 Universitatis1
981 2135 990 2164 :

269 2219 289 2244 a
320 2199 609 2262 Quicumque
630 2200 852 2262 prelatus,
874 2199 1019 2246 eciam
1040 2202 1180 2263 Papa,
1208 2199 1246 2247 si
1267 2216 1358 2247 non
1375 2200 1607 2264 juraverit

203 2295 223 2320 α
255 2275 421 2323 cedere
449 2292 535 2339 pro
563 2275 733 2323 unione
756 2282 912 2323 tamen
939 2276 1142 2323 Ecclesie
1167 2283 1214 2324 et
1237 2293 1326 2339 pro
1351 2283 1447 2323 tam
1473 2278 1606 2341 gravi

203 2372 223 2396 «
256 2352 472 2399 scandalo
500 2351 706 2408 vitando,
737 2353 856 2400 sicut
880 2358 951 2399 est
977 2353 1146 2400 scisma
1171 2370 1385 2417 presens,
1413 2371 1498 2401 nec
1525 2354 1606 2401 ali-

203 2447 222 2472 «
253 2434 327 2475 ter
365 2427 516 2475 sedari
560 2433 742 2491 potest,
786 2427 960 2476 utiliter
1004 2428 1172 2476 cedere
1212 2435 1416 2486 tenetur,
1458 2429 1607 2476 eciam

203 2524 222 2549 α
255 2505 445 2553 invitus.

248 2671 280 2707 1.
303 2671 355 2707 Le
379 2671 581 2718 Religieux
602 2671 648 2707 de
665 2671 946 2720 Saint-Denys,
962 2672 1027 2720 qui
1042 2683 1064 2708 a
1078 2672 1206 2709 donne
1221 2673 1254 2709 le
1271 2677 1374 2709 texte
1390 2672 1456 2709 des
1472 2683 1605 2721 propo-

198 2730 334 2767 sitione
355 2732 619 2779 precedentes,
642 2742 690 2767 ne
712 2732 817 2778 parle
837 2743 905 2779 pas
926 2731 972 2769 de
993 2732 1108 2769 celles
1123 2733 1282 2780 qu’elles
1304 2735 1601 2782 provoquerent.
