1941 3294
195 288 299 334 1404]
469 289 839 323 CHRONOGRAPHIA
864 289 1017 322 REGUM
1040 288 1319 321 FRANCORUM.
1523 286 1591 322 ⁶235

192 367 410 416 Bacvilla¹
440 372 487 414 et
513 365 653 413 ceteri
685 365 874 428 captivi,
911 365 990 429 qui
1015 365 1181 412 mortis
1207 365 1459 412 discrimen
1488 382 1595 413 eva-

193 450 370 492 serunt.
405 442 709 491 Postmodum
739 438 883 489 m'ulta
909 442 1140 505 redempti
1172 442 1384 504 pecunia,
1414 442 1597 489 liberati

193 526 317 569 sunt.
341 519 637 568 Admiraldus
663 535 849 581 quoque
880 519 1112 567 Britannie
1138 525 1185 565 et
1209 518 1283 565 alii
1309 519 1387 581 qui
1415 519 1597 582 sapien-

193 598 306 646 ciori
346 596 536 645 consilio
573 595 664 651 usi,
705 596 989 644 descendere
1025 596 1072 642 in
1111 601 1286 642 terram
1327 596 1592 650 noluerunt,

192 674 402 721 dolentes
427 689 516 736 pro
542 671 805 735 hujusmodi
832 672 1082 720 infortunio
1115 671 1365 729 sociorum,
1394 672 1597 720 reversis

191 750 324 807 velis,
353 750 411 797 ad
432 749 624 813 propria
644 755 929 796 remearunt.

195 878 197 881 ,
255 827 433 875 Eodem
465 832 681 889 tempore
712 826 976 889 Philippus,
1017 825 1113 873 dux
1152 824 1444 890 Burgundie‚
1485 824 1598 872 abiit

189 907 386 951 Barrum
413 904 548 950 Ducis
573 902 632 950 ad
659 903 881 966 exequias
907 903 1084 950 sororis
1110 919 1192 950 sue
1218 902 1402 950 ducisse
1432 901 1596 949 ΒεῐῪί2

189 986 236 1027 et
266 980 372 1027 inde
398 980 525 1027 venit
551 979 863 1036 Attrebatum,
892 980 972 1027 ubi
994 985 1093 1026 erat
1119 979 1320 1034 ducissa,
1343 995 1464 1026 uxor
1492 995 1593 1035 sua,

188 1057 266 1105 ubi
292 1073 463 1104 cumea
478 1056 680 1120 peractis
697 1056 826 1104 festis
841 1056 1118 1120 pascalibus,
1143 1056 1251 1103 exin
1271 1055 1384 1103 abiit
1405 1055 1599 1103 Bruxel-

189 1135 281 1181 lam
299 1134 346 1180 in
366 1133 619 1181 Brabancia
640 1133 698 1180 ad
723 1133 956 1181 ducissam
975 1133 1245 1190 Brabancie,
1269 1132 1458 1179 amitam
1480 1148 1598 1179 uxo—

189 1212 254 1258 ris
280 1228 379 1268 sue,
405 1211 536 1258 valde
560 1211 752 1258 senilem
771 1217 817 1258 et
839 1227 1081 1267 annosam,
1111 1216 1163 1257 ut
1183 1226 1320 1257 causa
1341 1209 1463 1256 dicte
1480 1226 1598 1256 uxo-

187 1289 253 1336 ris
285 1305 384 1344 sue,
416 1305 501 1352 per
532 1304 814 1336 consensum
838 1288 1068 1335 bonarum
1094 1288 1309 1334 villarum
1339 1287 1397 1334 de
1426 1287 1592 1350 patria,

188 1370 446 1412 assumeret
467 1363 677 1428 regimen
695 1369 741 1410 et
757 1363 1106 1426 possessionem
1122 1362 1287 1426 patrie.
1311 1365 1426 1411 Cum
1442 1363 1598 1426 itaque

188 1446 308 1488 esset
326 1440 409 1497 ibi,
430 1440 477 1486 in
494 1455 655 1486 mense
669 1439 803 1503 aprili
820 1439 864 1486 in
881 1442 1067 1486 Pascate
1084 1439 1191 1486 anni
1212 1439 1256 1486 Mi
1273 1439 1400 1488 CCCCi
1420 1439 1592 1502 quarti,

187 1516 385 1580 arripuit
405 1532 512 1563 eum
531 1515 776 1563 infirmitas
796 1515 973 1572 valida;
1002 1532 1142 1579 quam
1160 1516 1388 1571 senciens,
1420 1515 1526 1562 fecit
1547 1532 1597 1563 se

187 1595 232 1641 in
258 1593 468 1640 vehiculo
489 1593 601 1657 poni
623 1599 668 1640 et
691 1593 929 1640 transvehi
950 1593 1009 1639 ad
1034 1597 1251 1640 Nostram
1270 1592 1515 1640 Dominam
1541 1591 1599 1638 de

186 1670 326 1718 Hallis
353 1687 443 1733 que
469 1670 620 1718 tribus
646 1670 789 1718 leucis
816 1669 956 1717 distat
983 1688 1007 1716 a
1039 1671 1272 1728 Bruxella,
1307 1670 1599 1734 precedenti-

186 1746 275 1794 bus
297 1763 406 1794 eum
431 1747 536 1810 plus
561 1762 702 1810 quam
722 1745 1076 1810 quadringentis
1099 1747 1212 1794 viris
1232 1747 1290 1794 de
1311 1747 1479 1810 patria,
1505 1747 1598 1794 fer-

185 1823 409 1870 ramentis
446 1823 542 1871 suis
578 1824 666 1870 iter
701 1840 795 1887 quo
828 1823 1109 1871 transiturus
1144 1830 1260 1880 erat,
1301 1830 1351 1871 ut
1387 1823 1596 1887 quiecius

185 1900 451 1956 veheretur,
501 1900 803 1964 disponentes
847 1906 893 1948 et
942 1917 1108 1964 aspera
1148 1900 1195 1947 in
1236 1901 1361 1948 viam
1408 1901 1594 1965 planam

187 1977 458 2025 facientesss.

183 2120 241 2154 sai
260 2119 463 2164 historiqzce
489 2129 555 2154 sur
582 2122 629 2155 les
658 2120 790 2155 Marcel
816 2121 857 2155 de
886 2121 1109 2165 Basqueville
1136 2123 1168 2155 et
1197 2130 1265 2155 sur
1291 2121 1515 2165 Basqueville
1548 2132 1592 2157 en

185 2178 298 2218 Caum,
324 2188 391 2224 par
412 2177 463 2213 M.
487 2177 630 2222 Hellot‚
651 2189 687 2224 p.
712 2178 755 2214 89
776 2183 812 2214 et
833 2177 890 2214 90.

233 2236 264 2271 1.
289 2235 516 2271 Monstrelet
534 2236 573 2282 (t.
589 2236 620 2281 Ι,
637 2247 672 2282 p.
689 2235 734 2272 80
749 2241 785 2272 et
800 2237 872 2280 81),
893 2235 959 2283 qui
981 2235 1175 2283 reproduit
1195 2247 1238 2272 ce
1260 2236 1369 2283 recit,
1391 2248 1438 2273 en
1459 2237 1593 2275 l'abre-

184 2298 299 2340 geant
320 2292 432 2328 d’une
460 2293 632 2329 maniere
659 2293 889 2340 deplorable‚
918 2293 972 2330 dit
999 2305 1073 2341 que
1104 2294 1138 2330 le
1168 2294 1240 2330 sire
1270 2294 1314 2330 de
1342 2294 1592 2342 Bacqueville

183 2352 239 2388 fut
260 2352 327 2388 fait
347 2352 588 2398 prisonnier:
612 2363 669 2397 or,
691 2352 717 2388 il
739 2363 786 2388 ne
808 2352 934 2388 faisait
954 2364 1021 2399 pas
1042 2352 1165 2400 partie
1186 2352 1231 2388 de
1253 2353 1517 2399 l'expedition.

230 2411 264 2447 2.
287 2411 447 2458 D’apres
475 2412 508 2447 le
536 2411 740 2458 Religieux
766 2411 811 2447 de
841 2411 1112 2458 Saint—Denys
1134 2415 1173 2454 (t.
1195 2411 1267 2456 111,
1289 2423 1325 2458 p.
1349 2412 1446 2459 210),
1468 2413 1590 2450 Marie

181 2468 226 2504 de
255 2469 418 2513 France,
447 2468 635 2505 duchesse
662 2469 707 2505 de
736 2469 827 2513 Bar,
857 2475 1015 2505 mourut
1043 2483 1057 2503 α
1088 2469 1250 2506 environ
1280 2470 1316 2505 la
1343 2481 1409 2517 my
1430 2471 1587 2508 octobre

187 2540 201 2559 (ι
221 2528 323 2564 1404.
343 2541 357 2562 »
375 2527 405 2563 11
427 2534 483 2564 est
504 2528 682 2575 probable
702 2539 775 2576 que
796 2534 906 2565 notre
926 2528 1137 2575 chronique
1160 2534 1326 2565 commet
1344 2540 1421 2566 une
1441 2540 1589 2577 erreur,

182 2598 255 2634 que
276 2587 351 2622 l’on
372 2593 548 2623 retrouve
570 2586 763 2624 d'ailleurs
784 2587 879 2624 dans
903 2587 1127 2624 Monstrelet
1150 2590 1188 2629 (t.
1212 2588 1244 2633 Ι,
1265 2600 1301 2634 p.
1325 2588 1395 2631 86).

230 2646 262 2682 3.
286 2646 338 2683 Le
359 2646 379 2683 6
401 2657 503 2681 mars
531 2646 619 2682 1404
643 2646 695 2689 (n.
725 2646 802 2693 st.),
830 2648 864 2682 le
894 2646 968 2683 duc
997 2646 1043 2683 de
1072 2647 1318 2693 Bourgogne,
1349 2646 1527 2694 Philippe
1554 2648 1589 2685 le

181 2704 319 2750 Harffl,
353 2705 445 2742 etait
473 2715 613 2742 encore
643 2705 664 2741 a
694 2705 817 2741 Paris.
848 2705 900 2742 Le
924 2707 980 2750 11,
1002 2716 1053 2742 on
1079 2710 1254 2742 constate
1281 2716 1323 2741 sa
1350 2707 1536 2753 presence
1566 2707 1588 2743 a

183 2764 318 2810 Arras,
341 2767 388 2800 ou
409 2764 434 2800 il
461 2764 645 2801 demeum
664 2775 825 2813 presque
846 2771 1132 2803 constamment
1149 2765 1329 2813 jusqu’au
1351 2766 1394 2802 10
1414 2766 1510 2803 avril
1539 2778 1586 2803 au
