1941 3294
181 280 285 326 1400]
455 285 824 317 GHRONOGRAPHIA
849 286 1002 318 REGUM
1026 285 1305 318 FRANCORUM.
1512 283 1576 320 183

180 363 395 410 comitem
417 364 476 411 de
496 366 700 420 Quento;
725 380 882 411 comes
905 370 1062 411 autem
1082 363 1448 411 Saresberiensis
1468 365 1579 411 viri-

179 438 285 485 liter
310 456 358 486 se
384 439 651 486 destendens
674 436 853 487 occi'sus
879 444 951 487 est
975 440 1033 486 ab
1058 439 1142 486 eis.

243 523 388 567 Porro
425 521 520 568 dux
548 521 785 568 Excestrie
821 527 867 567 et
907 537 1064 568 comes
1103 520 1369 578 Clocestrie‚
1409 521 1582 569 scilicet

179 597 396 645 dominus
422 598 721 660 Dispensator
746 604 792 644 et
817 597 1113 661 Magdalenus
1141 597 1353 644 videntes
1385 598 1582 645 infortu-

178 673 306 720 nium
339 674 620 737 hujusmodi,
658 674 1002 721 descenderunt
1033 690 1118 737 per
1149 674 1400 736 quamdam
1430 674 1581 721 fenes-

178 755 298 796 tram
329 750 374 796 in
401 749 556 796 vicum
582 756 628 796 et
657 756 915 813 posuerunt
944 750 1099 813 ignem
1132 750 1175 796 in
1209 750 1358 796 tribus
1387 749 1460 797 vel
1486 749 1582 813 iiijor

178 826 394 873 domibus
422 832 470 872 ut
495 826 656 873 rustici
682 826 1007 890 aggredientes
1035 826 1292 888 hospicium
1316 825 1581 889 principum

177 902 463 949 dimitterent
488 919 569 949 eos
594 910 640 949 et
664 903 877 950 venirent
903 902 1017 957 illic;
1052 902 1264 950 videntes
1289 908 1445 949 autem
1472 903 1580 965 quia

177 978 337 1025 rustici
375 994 467 1024 non
502 985 719 1026 curarent
756 979 814 1026 de
854 978 1085 1033 incendio,
1131 995 1216 1025 nec
1256 986 1453 1041 propter
1493 980 1582 1026 hoc

175 1055 463 1102 dimitterent
483 1055 744 1118 hospicium
771 1056 1051 1118 principum,
1079 1055 1293 1102 exierunt
1318 1056 1376 1103 de
1402 1055 1509 1102 villa
1535 1062 1582 1102 et

178 1131 410 1179 neminem
433 1131 491 1178 de
514 1132 720 1179 exercitu
743 1132 1036 1187 invenerunt,
1059 1133 1278 1193 quoniam
1296 1148 1458 1178 omnes
1475 1148 1579 1178 ver-

176 1224 254 1254 sus
269 1207 474 1255 Scociam
485 1208 774 1271 auffugerant
786 1208 974 1270 quando
989 1207 1206 1254 viderunt
1223 1208 1378 1271 ignem
1396 1209 1441 1255 in
1454 1208 1575 1263 villa,

174 1283 443 1330 estimantes
481 1284 571 1330 illic
612 1283 857 1330 advenisse
898 1299 1056 1347 regem
1099 1285 1391 1331 Henrricum.
1434 1287 1579 1331 Porro

173 1360 269 1406 dux
286 1359 522 1407 Excestrie
540 1359 749 1406 ascendit
763 1376 904 1423 super
919 1376 1091 1423 equum
1110 1367 1154 1407 et
1172 1361 1283 1407 abiit
1297 1361 1355 1407 ad
1372 1361 1572 1408 Essaox⁴

173 1441 223 1482 ut
239 1435 388 1482 exiret
407 1435 465 1482 de
482 1451 646 1499 regno,
676 1435 988 1498 dominusque
1014 1436 1317 1499 Dispensator
1338 1437 1449 1484 abiit
1473 1454 1579 1484 ver-

173 1528 252 1559 sus
277 1512 489 1559 Walliam
522 1512 569 1558 in
597 1518 775 1559 terram
807 1529 956 1560 suam.
995 1513 1291 1577 Magdalenus
1320 1530 1433 1560 vero
1467 1514 1580 1561 abiit

172 1604 338 1636 versus
357 1588 583 1636 Scociam.

236 1670 421 1718 Nobiles
466 1687 578 1718 vero
623 1671 703 1734 qui
746 1680 1068 1719 remanserunt
1111 1673 1156 1718 in
1198 1672 1304 1718 villa
1346 1672 1578 1720 Sucestrie

171 1753 279 1809 post
310 1748 502 1794 multam
527 1748 844 1795 resistenciam
870 1748 927 1795 ab
958 1749 1045 1796 illis
1075 1749 1133 1796 de
1161 1749 1267 1795 villa
1300 1748 1421 1811 capti
1450 1754 1573 1802 sunt,

172 1822 346 1870 scilicet
371 1823 569 1870 Thomas
594 1824 774 1880 Blondi‚
807 1824 1082 1872 Benedictus
1109 1825 1266 1873 Cheli2
1294 1831 1341 1872 et
1367 1831 1483 1871 xxx³
1503 1825 1577 1871 alii

170 1904 266 1946 tam
292 1899 462 1946 milites
487 1916 628 1962 quam
655 1900 891 1964 armigeri.

235 1983 334 2038 Quo
374 1981 512 2036 facto,
556 1981 617 2028 illi
658 1982 716 2029 de
758 1982 863 2028 villa
907 1982 1205 2030 absciderunt
1251 1983 1401 2046 capita
1446 1983 1577 2030 ducis

171 2058 432 2106 Sudriensis
453 2064 497 2105 et
523 2058 705 2106 comitis
725 2059 1088 2107 Saresberiensis
1107 2060 1186 2122 qui
1207 2060 1345 2107 occisi
1372 2060 1572 2115 fuerant,

170 2135 329 2198 eisque
343 2135 493 2182 affixis
511 2135 798 2183 acuminibus
816 2136 1013 2183 duarum
1033 2137 1315 2200 perticarum
1334 2137 1421 2183 hoc
1436 2136 1576 2183 modo

170 2216 477 2272 portaverunt
517 2227 570 2256 ea
607 2211 875 2258 Exinfordie
921 2211 996 2258 ubi
1037 2218 1135 2258 erat
1177 2228 1260 2258 rex
1305 2211 1572 2268 Henrricus,

171 2286 394 2334 ducentes
429 2303 586 2333 secum
626 2303 789 2334 omnes
825 2288 1128 2350 prisionarios
1166 2304 1275 2335 suos
1313 2304 1432 2350 quos
1469 2303 1575 2334 cum

170 2362 305 2409 dictis
331 2362 515 2409 duobus
536 2363 762 2425 capitibus
788 2364 1022 2412 atulerunt
1042 2364 1158 2428 regi.
1183 2369 1306 2412 Tunc
1334 2380 1417 2411 rex
1440 2364 1575 2428 jussit

171 2445 221 2487 ut
259 2455 423 2486 omnes
464 2439 726 2502 prisionarii
770 2447 1083 2498 morerentur,
1131 2448 1327 2505 excepto
1369 2441 1574 2504 quodam

169 2515 460 2563 adolescente
487 2533 545 2563 ex
574 2517 810 2580 spectabili
834 2535 1004 2582 genere
1028 2535 1168 2581 quem
1189 2519 1381 2565 militem
1403 2518 1574 2565 fecerat

224 2692 253 2726 1.
276 2690 408 2726 Essex.

222 2748 255 2783 ⁵2.
281 2748 431 2785 Bennet
452 2748 622 2796 Shelley.
