1941 3294
181 258 285 304 1386]
455 259 825 294 CHRONOGRAPHIA
851 259 1004 292 REGUM
1029 257 1308 290 FRANCORUM.
1539 252 1582 289 79

178 340 463 405 Burgundie,
486 339 567 388 ubi
592 345 700 386 sunt
720 338 967 386 comitatus
993 338 1052 385 de
1071 336 1191 385 Nido
1217 335 1341 384 etde
1365 337 1578 384 Farecta¹

179 417 476 481 Friburgum,
500 417 672 472 Tona2‚
695 418 845 463 Ber-na
870 420 915 462 et
941 414 1085 462 multa
1109 413 1196 461 alia
1221 412 1413 476 oppida,
1441 413 1583 460 filiam

179 493 378 556 Philippi
404 492 533 540 ducis
558 491 826 555 Burgundie
852 492 898 539 in
924 506 1124 538 uxorem
1149 489 1301 537 duxit.

243 568 482 617 Dominica
506 567 666 631 quinta
692 567 767 614 die
799 567 1000 632 augusti,
1030 566 1219 614 domina
1244 565 1498 614 Katherina
1525 565 1584 613 de

178 646 397 703 Francia,
445 661 582 693 soror
625 660 847 709 germana
889 644 1015 709 regis
1056 643 1247 692 Francie
1263 681 1274 700 ,
1320 648 1466 706 nupta
1513 648 1586 690 est

177 721 390 779 Johanni,
411 721 728 785 primogenito
745 721 876 769 ducis
892 721 1084 779 Biturie,
1104 720 1185 784 qui
1203 726 1315 768 tunc
1330 728 1432 767 erat
1448 719 1585 768 etatis

178 814 350 846 novem
375 814 607 846 annorum
631 798 705 845 vel
737 799 938 846 circiter.
967 801 1032 846 De
1063 798 1234 862 quibus
1265 797 1437 846 festum
1466 813 1584 861 nup-

177 875 349 923 tiarum
374 876 660 923 celebratum
685 881 755 923 est
780 876 827 922 in
847 876 989 923 domo
1016 875 1169 923 Sancti
1193 873 1449 923 Audoeniss.

243 955 294 999 In
324 968 484 1000 mense
515 952 699 1017 augusti
730 952 940 1017 ejusdem
972 952 1096 1009 anni,
1132 951 1227 1000 dux
1256 951 1431 999 Biturie
1457 949 1587 998 dedit

178 1045 319 1077 unam
353 1029 412 1076 de
436 1029 620 1077 filiabus
653 1029 749 1078 suis
779 1030 875 1077 filio
907 1029 1090 1077 comitis
1120 1029 1351 1076 Blesensis
1386 1033 1434 1075 et
1463 1027 1584 1075 facte

177 1111 284 1154 sunt
315 1122 481 1154 eorum
517 1107 679 1170 nuptie
714 1107 761 1153 in
794 1105 1069 1154 Bituricensi
1101 1105 1339 1161 civitate4;
1373 1103 1456 1151 sed
1493 1120 1586 1151 non

177 1183 376 1230 multum
401 1189 510 1246 post
534 1183 651 1231 obiit
676 1201 685 1230 :
716 1183 840 1231 unde
866 1199 1042 1239 comes,
1071 1188 1206 1245 pater
1229 1181 1346 1245 ejus,
1380 1180 1459 1243 qui
1487 1179 1590 1227 nul-

176 1259 271 1307 lam
310 1259 446 1307 aliam
483 1260 695 1307 sobolem
731 1260 933 1308 habebat
974 1264 1155 1307 tanturn
1195 1257 1417 1314 indoluit,
1460 1256 1589 1320 quod

178 1335 482 1400 postmodum
524 1337 797 1383 comitatum
837 1352 975 1383 suum
1019 1335 1287 1383 Blesensem
1330 1334 1584 1391 Ludovico,

175 1428 401 1477 germano
428 1412 551 1476 regis
579 1412 789 1469 Francie,
826 1428 914 1475 pro
943 1412 1054 1459 satis
1086 1428 1235 1474 parvo
1266 1411 1426 1475 precio
1452 1410 1587 1458 here-

175 1488 379 1537 ditaliter·
409 1487 637 1535 vendidit.
667 1491 724 1535 Et
749 1488 858 1551 quia
893 1487 992 1535 sine
1024 1487 1183 1535 liberis
1209 1487 1428 1544 decessit,
1460 1493 1588 1534 terre

177 1581 277 1622 sue,
301 1564 474 1613 scilicet
494 1563 552 1611 de
574 1564 771 1612 Avesnis
786 1564 834 1611 in
854 1564 1064 1611 Hanonia
1087 1569 1134 1611 et
1155 1564 1384 1612 Noviomo
1405 1564 1453 1611 in
1473 1566 1586 1611 Ter·-

176 1643 340 1690 rascha
369 1641 566 1692 Johanni
599 1641 657 1688 de
689 1641 854 1698 Blesis,
889 1641 1172 1689 consobrino
1206 1658 1309 1699 suo,
1348 1641 1407 1688 de
1440 1641 1589 1689 Bello-

177 1724 336 1766 monte
351 1735 466 1766 vero
484 1724 531 1766 et
546 1718 593 1765 in
616 1718 856 1766 Hollandia
875 1718 980 1766 duci
997 1718 1207 1776 Alberto,
1228 1724 1276 1765 et
1292 1718 1350 1765 de
1371 1717 1588 1782 d’Argies

177 1796 225 1842 in
249 1795 546 1843 Ambianesio
570 1795 745 1843 Jacobo
763 1795 821 1843 de
846 1795 1101 1853 Borbonio,
1130 1795 1340 1860 cognatis
1367 1795 1463 1842 suis
1483 1794 1589 1859 jure

177 1873 540 1937 propinquitatis
566 1873 876 1920 obvenerunt.
905 1872 1084 1920 Dictam
1106 1889 1221 1919 vero
1251 1877 1426 1919 terram
1453 1871 1589 1919 d'Ar-

176 1950 276 2013 gies
300 1957 409 2013 post
434 1955 636 1997 mortem
667 1950 778 1998 dicti
808 1950 991 1997 comitis
1015 1949 1246 1998 Blesensis
1271 1949 1352 1997 diu
1378 1949 1590 2012 possedit

179 2026 438 2074 vicecomes
467 2026 714 2074 Meldensis
739 2026 799 2074 ad
824 2026 971 2074 vitam
995 2032 1196 2085 tantum,
1226 2026 1352 2075 dono
1377 2026 1589 2090 ejusdem

227 2157 260 2192 1.
282 2156 469 2203 Ferrette,
491 2155 587 2192 dans
609 2156 644 2192 le
667 2156 916 2203 Haut-Rhin,
939 2156 1272 2194 arrondissement
1291 2155 1526 2194 d'Altkirch.

227 2215 262 2251 2.
287 2214 388 2251 Sans
408 2214 522 2251 doute
544 2215 674 2251 Thun.

225 2274 257 2310 3.
282 2274 335 2310 Le
357 2274 563 2321 Religieux
593 2274 638 2311 de
667 2274 932 2323 Saint-Denys
960 2276 1000 2321 (t.
1031 2275 1063 2322 I,
1085 2287 1121 2323 p.
1145 2276 1226 2321 448)
1249 2275 1304 2312 dit
1324 2286 1398 2323 que
1419 2275 1456 2312 la
1482 2275 1588 2323 prin-

179 2343 287 2369 cesse
308 2332 411 2369 avait
432 2332 528 2368 neuf
545 2343 628 2368 ans.
654 2346 669 2366 (ι
695 2333 928 2380 Dimenche,
951 2335 971 2370 5
995 2334 1083 2382 jour
1108 2334 1271 2379 d’aoust,
1294 2346 1343 2371 en
1369 2334 1521 2371 l’hostel
1541 2335 1588 2372 de

181 2405 197 2425 (ι
220 2391 258 2427 la
276 2391 399 2428 Noble
420 2391 585 2437 Maison,
605 2391 734 2428 Jehan
764 2393 977 2439 Monsieur,
1000 2393 1059 2429 fils
1087 2394 1366 2441 monseigneur
1386 2394 1420 2430 le
1448 2393 1522 2430 duc
1542 2393 1588 2430 de

182 2465 198 2485 α
220 2452 357 2498 Berry,
379 2462 545 2498 espousa
564 2452 743 2489 madame
763 2453 966 2499 Katerine‚
982 2453 1058 2489 fille
1080 2453 1129 2489 du
1152 2465 1220 2502 roy
1242 2454 1418 2499 CharleS,
1434 2452 1589 2489 derrain

182 2524 197 2544 ι
215 2512 407 2558 trespasse
424 2525 439 2544 »
459 2511 570 2553 (Bibl.
589 2511 634 2547 de
649 2511 802 2558 Rouen,
819 2513 928 2548 fonds
944 2513 1081 2559 Leber,
1096 2513 1270 2549 Extraits
1285 2513 1329 2549 de
1347 2514 1383 2548 la
1398 2511 1588 2548 Chambre

178 2569 245 2606 des
271 2575 457 2617 compteS,
479 2570 553 2606 vol.
584 2569 677 2616 XII,
706 2570 769 2607 fol.
795 2571 860 2608 153
888 2579 942 2618 νο,
968 2577 1006 2608 et
1034 2571 1244 2619 Froissart,
1267 2571 1325 2609 ed.
1355 2572 1517 2619 Kervyn
1542 2570 1589 2606 de

180 2628 436 2675 Lettenhove,
458 2634 486 2666 t.
509 2629 623 2675 XHI,
645 2640 682 2676 p.
704 2630 777 2676 82).

229 2688 262 2724 4.
286 2688 489 2733 FroIssart,
512 2688 570 2724 ed.
594 2689 753 2736 Kervyn
774 2689 819 2725 de
840 2690 1096 2739 Lettenhove,
1111 2696 1138 2727 t.
1162 2690 1276 2736 XIII,
1293 2701 1330 2738 p.
1347 2691 1408 2735 81,
1429 2696 1466 2726 et
1487 2689 1586 2726 Bibl.

183 2753 279 2792 nat.,
302 2748 505 2784 collection
526 2747 641 2794 Doat,
664 2749 737 2784 vol.
762 2748 873 2796 VIII,
895 2760 931 2796 p.
953 2750 1035 2786 402.
