1941 3294
332 234 399 270 ‘ZlO
609 234 975 268 GHRONOGRAPHIA
1001 233 1153 265 REGUM
1177 232 1454 266 FRANc-ORUM.

331 329 553 377 magnum
584 313 915 375 imperatorem
946 310 1166 365 Tartarie,
1199 310 1284 357 sub
1311 309 1440 373 cujus
1472 308 1658 357 nomine
1685 314 1729 356 et

330 390 602 439 auctoritate
636 388 790 436 omnia
816 387 924 434 facit
949 402 1241 450 quecumque
1267 386 1390 434 facit.
1421 386 1568 432 Habet
1593 386 1731 433 etiam

331 482 488 514 secum
523 465 695 512 multos
728 479 864 527 reges
892 468 936 509 et
962 461 1148 525 regulos
1173 468 1217 508 et
1243 462 1362 509 duos
1387 461 1505 507 filios
1531 461 1732 523 impera-

330 542 446 589 toris
471 541 691 595 Persidis,
720 555 879 603 regem
907 538 1173 594 Botheram,
1205 539 1397 584 fratrem
1429 536 1555 601 regis
1588 538 1732 584 Geor-

329 619 572 682 gianorum
616 624 663 664 et
703 631 901 663 uxorem
937 614 1111 662 Castier
1146 631 1254 662 cum
1289 612 1506 660 omnibus
1546 612 1649 659 filiis
1685 617 1732 658 et

330 694 565 759 magistris
598 692 862 756 principum
899 690 978 753 qui
1016 690 1102 737 sub
1135 707 1183 738 se
1217 697 1375 738 tenent
1409 695 1560 736 terras
1591 694 1731 751 atque

328 771 609 836 provincias.
634 773 830 831 Insuper
852 767 991 814 habet
1013 783 1170 815 secum
1193 767 1480 814 valenciores
1507 782 1559 812 ac
1587 765 1734 812 famo-

329 847 477 894 siores
502 845 749 909 magistros
775 844 821 889 in
848 843 1057 890 scienciis
1079 843 1213 906 hujus
1231 842 1392 890 mundi
1413 849 1458 889 et
1475 841 1735 904 specialiter

327 924 373 970 in
401 922 667 986 astrologia,
704 920 932 967 medicina
965 926 1012 967 et
1040 919 1381 983 nigromancia3
1410 925 1457 966 et
1484 935 1646 966 omnes
1671 918 1735 965 illi

328 999 404 1062 qui
422 998 611 1062 alicujus
626 1003 733 1045 sunt
747 997 935 1053 valoris,
955 996 1092 1043 nimis
1105 996 1391 1043 honorificati
1407 1001 1513 1043 sunt
1529 1012 1632 1043 cum
1648 990 1706 1043 eo*
1720 1012 1729 1042 :

328 1075 464 1122 valde
488 1091 603 1122 vero
627 1091 676 1121 se
697 1073 896 1120 delectat
920 1073 967 1119 in
992 1073 1278 1137 argumentis
1300 1078 1346 1119 et
1368 1072 1707 1134 questionibus.

393 1150 576 1212 Optime
603 1165 792 1212 quoque
807 1154 852 1196 et
869 1164 976 1196 cum
1002 1164 1168 1211 magna
1194 1147 1550 1195 honorificencia
1570 1152 1737 1195 tractat

329 1243 492 1274 omnes
516 1243 651 1291 reges
676 1227 778 1273 illos
804 1232 850 1273 et
875 1226 1090 1274 dominos
1111 1225 1403 1288 supradictos
1425 1242 1478 1272 ac
1502 1225 1738 1272 ambaxia-

330 1310 456 1352 tores
491 1304 570 1367 qui
606 1303 798 1351 veniunt
830 1302 885 1349 ad
922 1319 1029 1350 eum
1053 1302 1112 1349 de
1137 1302 1402 1366 longinquis
1436 1301 1731 1366 regionibus;

331 1381 412 1429 sed
433 1397 524 1428 non
543 1386 650 1427 sunt
671 1380 715 1426 in
739 1379 956 1426 omnibus
981 1380 1076 1426 suis
1098 1378 1391 1425 libertatibus
1413 1396 1422 1424 :
1446 1378 1551 1440 quia
1577 1378 1736 1440 plures

330 1458 388 1505 de
407 1458 594 1521 regibus
617 1463 662 1504 et
684 1456 884 1503 dominis
907 1455 1183 1519 supradictis
1207 1454 1542 1517 prediligerent
1564 1470 1669 1500 esse
1689 1453 1736 1500 in

332 1534 495 1597 majori
523 1539 796 1597 paupertate
818 1549 909 1579 non
929 1532 975 1578 in
997 1531 1096 1595 ejus
1122 1531 1356 1586 societate,
1381 1546 1522 1593 quam
1548 1546 1654 1577 cum
1681 1546 1737 1576 eo

333 1611 602 1674 pocioribus
643 1610 821 1656 diviciis
867 1608 1155 1656 habundare.
1202 1608 1350 1654 Habet
1395 1606 1540 1653 eciam
1580 1622 1737 1653 secum

332 1688 589 1743 Baisacum‚
620 1687 749 1734 illum
783 1702 1005 1750 magnum
1037 1688 1255 1739 Turcum,
1293 1699 1450 1746 quem,
1488 1699 1594 1731 cum
1625 1700 1739 1746 qua-

333 1765 441 1812 dam
458 1764 559 1811 vice
575 1780 601 1810 a
623 1780 671 1810 se
690 1763 829 1809 vellet
851 1762 1073 1826 effugere,
1103 1761 1212 1809 fecit
1237 1761 1367 1825 ligari
1396 1760 1568 1807 catenis
1586 1760 1739 1808 aureis

333 1847 378 1888 et
420 1841 619 1888 multum
662 1856 766 1887 cum
812 1856 866 1886 eo
906 1839 1192 1903 gloriabatur
1235 1843 1280 1884 et
1321 1836 1571 1901 gaudebat.
1613 1836 1735 1893 Illos,

333 1918 539 1980 inquam,
570 1916 784 1963 dominos
815 1915 1107 1979 supradictos
1140 1914 1265 1961 ducit
1301 1929 1458 1961 secum
1489 1912 1547 1960 ad
1584 1918 1740 1960 osten-

333 1994 535 2042 dendam
562 2009 693 2041 suam
720 1992 1135 2057 magnificenciam.

398 2074 502 2133 Ipse
522 2076 648 2117 tenet
668 2069 826 2116 stricte
848 2068 1080 2132 justiciam
1100 2073 1145 2114 et
1168 2066 1338 2113 nemini
1360 2066 1508 2129 parcit
1534 2065 1612 2128 qui
1633 2065 1742 2113 facit

335 2146 558 2194 offensam
588 2163 597 2193 :
628 2162 716 2208 pro
741 2145 909 2191 nichilo
937 2144 1077 2200 enim,
1109 2159 1330 2207 magnum
1356 2141 1494 2189 velud
1521 2158 1737 2206 parvum,

336 2230 382 2270 et
415 2223 607 2271 divitem
641 2222 759 2269 sicut
798 2237 1054 2285 pauperem
1085 2220 1218 2284 jubet
1252 2219 1416 2267 occidi.
1457 2219 1541 2277 Qui
1581 2224 1738 2267 autem

337 2301 477 2347 alium
496 2305 687 2346 excusat
711 2298 814 2361 (sic)
844 2297 890 2343 in
918 2313 1135 2360 magnam
1162 2296 1354 2359 pecunie
1376 2311 1605 2342 sommam
1632 2311 1743 2342 con-

339 2376 641 2440 dempnatur;
672 2381 717 2422 et
743 2373 929 2437 quando
955 2373 1160 2420 officiarii
1189 2373 1288 2436 ejus
1314 2372 1449 2419 valde
1475 2371 1741 2435 locupletati

338 2460 460 2508 sunt,
499 2453 622 2516 cogit
647 2468 728 2499 eos
753 2451 933 2498 solvere
959 2467 1179 2514 magnam
1203 2450 1447 2498 financiam
1473 2465 1614 2512 quam
1646 2448 1742 2496 cui-

339 2530 447 2577 libet
468 2536 686 2593 erogatur
702 2529 748 2575 in
764 2545 852 2575 una
873 2543 1038 2591 magna
1057 2527 1433 2591 congregatione.
1454 2530 1511 2573 Et
1529 2526 1576 2573 in
1594 2526 1744 2573 omni-

340 2607 425 2653 bus
450 2606 567 2652 villis
595 2613 639 2652 et
664 2605 801 2651 terris
835 2604 929 2651 suis
961 2620 1147 2666 semper
1176 2609 1254 2652 ΧΕῘΠ
1286 2610 1466 2667 partem
1499 2602 1665 2666 accipit
1691 2607 1739 2649 et

341 2687 552 2744 quartam
593 2687 775 2743 partem
817 2680 874 2727 de
913 2679 1199 2733 redditibu83
1246 2678 1382 2742 hujus
1427 2678 1551 2725 enim
1601 2694 1739 2726 causa
