1941 3294
191 288 295 335 1400]
466 290 837 324 CHRONOGRAPHIA
864 291 1016 324 REGUM
1040 290 1321 323 FRANCORUM.
1527 288 1593 325 179

187 371 357 418 festum
383 371 492 418 novi
512 370 636 434 regis
655 370 884 425 Henrrici‚
918 376 1058 434 prout
1077 369 1192 433 ipsis
1211 376 1256 417 et
1277 370 1445 419 ceteris
1466 371 1595 433 prin-

186 448 367 511 cipibus
393 448 452 495 de
478 446 639 510 Anglia
672 445 731 493 ab
759 447 927 494 eodem
959 462 1070 511 rege
1099 445 1273 493 obnixe
1299 453 1513 511 rogatum
1542 464 1595 495 ac

184 522 443 584 injunctum
470 528 587 570 erat.

250 600 456 648 Intencio
482 615 647 647 eorum
678 605 778 647 erat
803 617 859 647 eo
885 606 1013 658 tunc,
1048 616 1155 648 cum
1188 599 1314 647 idem
1345 617 1430 647 rex
1456 601 1591 648 nichil

183 678 272 726 tale
305 677 656 741 premeditaret,
688 684 882 740 repente
909 678 1088 726 irruere
1114 677 1161 725 in
1187 694 1296 725 eum
1322 683 1368 724 et
1396 678 1442 724 in
1474 677 1595 725 filios

183 755 309 819 ejus;
338 754 422 801 sed
448 753 581 800 aliter
606 753 745 817 longe
772 753 955 801 accidit.
987 753 1292 801 Postmodum
1314 770 1427 801 vero
1452 753 1596 801 duces

182 831 421 880 Excestrie
457 837 504 877 et
541 830 807 878 Sudriensis
839 837 886 878 et
919 831 1113 878 comites
1148 830 1509 879 Claudiocestrie
1549 836 1596 877 et

182 904 549 954 Saresberiensis
579 910 623 952 et
650 905 850 952 Thomas
885 905 1049 961 Blond,
1081 905 1155 953 die
1186 904 1436 969 assignata,
1469 904 1595 968 apud

181 983 377 1030 Kinston
414 987 734 1028 convenerunt
775 998 882 1029 cum
920 982 1017 1046 viij⁰
1056 982 1244 1029 milibus
1286 981 1517 1046 sagitariis
1548 987 1595 1029 et

180 1059 330 1107 tribus
383 1058 570 1106 milibus
625 1059 795 1106 lanceis
845 1059 1057 1106 virorum
1105 1058 1333 1106 industrie
1384 1058 1595 1106 militaris

180 1135 635 1200 expertissimorum,
667 1135 892 1184 habentes
925 1152 1085 1183 secum
1117 1135 1456 1199 Magdalenum,
1494 1135 1591 1198 qui,

179 1219 230 1260 ut
279 1212 457 1260 dictum
508 1217 606 1268 est,
659 1213 791 1275 quasi
837 1213 1028 1260 omnino
1075 1212 1231 1276 specie
1283 1212 1446 1259 similis
1496 1218 1595 1260 erat

178 1288 412 1336 Richardo
444 1288 561 1352 regi.
602 1292 658 1335 Et
694 1287 968 1336 recedentes
1004 1287 1129 1344 inde,
1168 1288 1458 1351 scripserunt
1488 1287 1595 1335 duci

179 1364 450 1421 Albemalle,
484 1364 563 1427 qui
595 1371 696 1411 erat
730 1364 1000 1420 Londoniis‚
1037 1364 1215 1411 litteras
1240 1364 1401 1428 sigillis
1430 1381 1596 1412 eorum

178 1442 450 1505 impressas,
490 1441 783 1488 continentes
824 1442 1044 1504 quatinus
1082 1441 1185 1504 ipso
1220 1441 1295 1489 die
1336 1441 1596 1505 Epiphanie

178 1524 302 1567 esset
326 1518 516 1565 obviam
543 1518 610 1565 eis
640 1518 765 1581 apud
789 1518 1111 1582 Coulburgum
1128 1519 1160 1565 ¹.

243 1596 432 1644 Abierat
467 1596 592 1643 enim
625 1595 684 1643 ad
718 1601 901 1658 patrem
934 1612 1089 1650 suum,
1126 1595 1294 1643 ducem
1332 1595 1597 1643 Eboracen-

178 1689 296 1729 sem,
325 1678 376 1720 ut
396 1672 651 1736 pranderet
677 1688 837 1720 secum
862 1672 938 1720 illa
966 1672 1042 1719 die
1069 1690 1078 1719 :
1103 1678 1149 1719 et
1175 1688 1281 1719 cum
1303 1672 1362 1719 ad
1383 1688 1597 1720 mensam

179 1766 287 1797 cum
315 1749 441 1796 dicto
473 1755 607 1812 patre
639 1766 724 1797 suo
761 1750 861 1813 ipse
896 1749 993 1797 dux
1027 1749 1282 1797 Albemalle
1319 1749 1516 1797 sedisset
1551 1755 1599 1798 et

180 1825 415 1889 predictas
456 1824 631 1872 litteras
665 1841 808 1887 super
847 1840 1070 1888 mappam
1104 1832 1211 1872 ante
1254 1842 1303 1873 se
1339 1826 1593 1888 posuisset,

179 1918 292 1949 mox
332 1908 466 1965 pater
510 1900 609 1965 ejus
652 1902 807 1964 rapuit
848 1918 927 1949 eas
969 1917 1077 1948 cum
1118 1902 1244 1964 ipsas
1287 1902 1595 1965 percepisset,

178 1978 382 2042 petendo
402 1993 494 2040 que
520 1977 611 2024 sint
631 1978 716 2024 hee
741 1977 890 2024 littere
916 1995 924 2024 :
951 1978 1122 2041 quibus
1143 1978 1201 2024 ab
1223 1994 1279 2025 eo
1301 1978 1448 2035 lectis,
1476 1978 1596 2026 dixit

179 2055 274 2103 filio
296 2071 380 2102 suo
406 2072 415 2102 ε
446 2074 464 2099 <1
492 2056 527 2103 Ο
555 2055 838 2118 nequissime
861 2055 1095 2119 proditor,
1120 2062 1168 2103 tu
1188 2055 1330 2104 falsus
1353 2056 1477 2104 fuisti
1497 2057 1597 2122 regi

185 2151 206 2176 ε(
237 2132 486 2187 Richardo,
524 2138 723 2196 cognato
760 2138 840 2179 tuo
872 2149 1116 2197 germano,
1152 2138 1199 2180 et
1226 2133 1368 2180 modo
1401 2133 1601 2181 traditor

186 2228 206 2253 «
238 2225 288 2256 es
320 2208 445 2273 regis
477 2209 662 2256 Henrici
692 2210 962 2256 consobrini
1000 2210 1084 2257 tui.
1122 2210 1280 2257 Nescis
1317 2210 1444 2273 quod
1485 2211 1601 2259 fide.-

186 2304 206 2330 ‹
236 2284 392 2348 jussor
416 2301 517 2331 sum
546 2285 609 2332 tui
638 2302 837 2349 corpore
864 2292 910 2333 et
940 2286 1077 2334 bonis
1103 2292 1149 2334 et
1178 2286 1378 2350 qualiter
1409 2303 1485 2334 me
1511 2287 1597 2335 feci

186 2382 206 2407 α
239 2362 410 2409 fortem
437 2378 526 2424 pro
552 2368 597 2409 te
622 2362 667 2409 in
696 2363 835 2426 pleno
868 2363 1178 2412 Parlamento.
1209 2366 1339 2411 Nunc
1366 2364 1462 2412 scio
1489 2381 1600 2412 vere

187 2459 207 2484 «ι
240 2439 366 2502 quod
389 2456 463 2486 me
491 2440 629 2487 morti
657 2440 842 2488 tradere
862 2441 1102 2489 desideras
1127 2459 1136 2488 :
1162 2442 1245 2490 sed
1268 2458 1352 2505 per
1375 2443 1598 2490 Sanctum

188 2535 208 2561 α
241 2516 516 2581 Georgium,
569 2516 797 2581 prediligo
842 2522 889 2564 te
932 2534 1073 2582 quam
1123 2534 1199 2565 me
1246 2518 1454 2581 patibulo
1498 2535 1600 2567 esse

190 2612 210 2637 (ι
242 2593 454 2640 affixum.
492 2613 512 2636 »

241 2768 272 2804 1.
295 2767 528 2804 Colnbrook.
