1941 3294
193 294 298 341 1383]
461 293 830 329 CHRONOGRAPHIA
856 292 1008 325 REGUM
1032 290 1310 323 FRANGORUM.
1544 283 1587 320 67

193 391 407 433 suorum,
445 391 503 421 ne
536 374 583 420 in
617 372 834 420 conflictu
871 369 1167 418 occumberet
1201 384 1284 415 seu
1321 370 1587 429 caperetur,

193 453 298 500 licet
328 452 498 499 invitus
531 449 722 497 recessit
752 448 810 496 ab
843 448 908 496 eis
941 453 988 494 et
1016 446 1064 492 in
1094 444 1296 508 quadam
1330 441 1594 489 municione

194 546 285 592 que
311 529 421 577 satis
439 543 588 592 prope
611 532 727 582 erat,
750 543 775 572 a
793 525 998 588 quodam
1022 522 1165 570 milite
1190 521 1358 568 ductus
1384 517 1591 566 secessit.

259 609 358 663 Quo
382 604 645 659 recedente,
676 602 747 650 sui
775 601 1045 649 audaciores
1075 598 1226 646 effecti
1252 597 1409 644 hostes
1433 594 1598 643 unani-

195 683 333 730 miter
354 681 606 736 invadunt3
641 684 902 743 pugnantes
934 683 1090 725 autem
1118 674 1462 722 interficiuntur
1491 672 1599 719 hinc

196 759 306 807 inde
331 758 517 814 milites,
537 762 589 804 ut
613 755 662 803 in
686 755 765 802 tali
790 760 961 802 eventu
982 753 1083 801 fieri
1109 752 1242 800 solet.
1266 749 1602 799 Prevaluerunt

196 835 384 884 tandem
409 834 472 881 illi
496 833 555 881 de
581 838 713 896 parte
739 832 870 879 ducis
899 836 946 879 et
971 829 1166 878 victoria
1193 828 1329 892 potiti
1355 832 1479 875 sunt.
1508 824 1603 872 Dif-

197 913 414 975 fugerunt
443 910 601 973 itaque
630 909 789 965 Italici,
823 908 994 955 timore
1030 911 1243 971 cogente,
1273 921 1367 968 quo
1399 903 1604 966 impetus

198 1002 541 1050 quemcumque
565 985 782 1042 ducebat,
811 984 886 1032 alii
911 984 1054 1032 urbes
1078 988 1125 1030 et
1149 981 1342 1046 oppida,
1371 979 1445 1027 alii
1471 977 1606 1026 devia

198 1080 445 1111 nemorum
465 1063 708 1126 petebant3
729 1079 847 1125 quos
863 1061 923 1108 illi
944 1061 1002 1108 de
1016 1065 1149 1123 parte
1166 1059 1296 1106 ducis
1315 1055 1606 1120 insequendo

199 1140 450 1188 miserabili
492 1140 604 1187 cede
648 1139 878 1195 afficiunt,
924 1137 1138 1201 capiunt,
1181 1135 1408 1199 spoliant,
1450 1133 1513 1179 ita
1557 1136 1608 1178 ut

200 1234 368 1282 magna
406 1233 517 1280 pars
556 1232 720 1264 eorum
760 1231 925 1262 manus
962 1211 1213 1260 vincendas
1252 1209 1605 1275 protenderent,

202 1294 419 1357 quatinus
439 1293 527 1340 sibi
548 1293 736 1340 vivendi
761 1291 998 1339 modicum
1024 1289 1234 1353 spacium
1253 1286 1606 1335 concederetur.

202 1373 258 1418 Et
282 1370 396 1418 dum
421 1369 483 1416 illi
507 1369 566 1416 de
591 1375 724 1432 parte
748 1367 880 1415 ducis
907 1367 972 1414 sic
992 1383 1074 1413 eos
1098 1369 1497 1429 persequerentur
1522 1378 1611 1426 pro

202 1446 366 1511 majori
401 1451 535 1510 parte
569 1452 616 1493 et
652 1445 787 1508 pauci
824 1460 989 1491 eorum
1028 1447 1326 1491 remanerent
1359 1440 1418 1488 ad
1457 1444 1614 1487 custo-

203 1522 372 1571 dienda
399 1522 546 1586 spolia
577 1521 858 1586 fugiencium
892 1520 1179 1576 Italicorum,
1210 1518 1402 1582 quidam
1433 1516 1613 1580 equites

203 1600 409 1664 Hungari
454 1616 542 1662 pro
582 1598 753 1646 Karolo
796 1598 1121 1653 advenientes,
1163 1596 1332 1643 acriter
1375 1594 1615 1642 irruerunt

205 1693 347 1740 super
378 1676 598 1724 custodes
629 1675 906 1739 spoliorum,
936 1675 1098 1737 eisque
1131 1672 1297 1721 occisis
1324 1671 1472 1735 spolia
1503 1686 1616 1734 que-

206 1769 407 1816 cumque
432 1753 496 1800 ibi
521 1757 651 1799 erant
679 1767 838 1800 secum
863 1750 1149 1798 detulerunt.

270 1833 374 1877 Dux
400 1845 587 1892 quoque
614 1834 661 1875 et
685 1827 918 1875 exercitus
946 1826 1045 1891 ejus
1071 1824 1249 1890 provisi
1277 1828 1384 1871 sunt
1410 1822 1619 1870 victuali-

207 1906 295 1953 bus
331 1922 418 1969 per
455 1904 707 1969 quemdam
739 1903 1009 1960 Picardum,
1046 1902 1234 1950 nomine
1272 1900 1522 1949 Colardum
1560 1898 1620 1947 de

207 1981 507 2031 Betencuria¹
535 1999 589 2029 ac
617 1981 793 2044 recepti
824 1981 871 2028 in
904 1981 1086 2028 duabus
1119 1979 1256 2035 villis,
1286 1993 1485 2041 quarum
1518 1981 1618 2024 erat

209 2075 269 2107 ex
300 2065 433 2123 parte
469 2058 630 2122 regine
657 2058 864 2106 Johanna
900 2057 1188 2120 capitaneus.
1218 2059 1328 2103 Post
1358 2053 1615 2118 paululum,

210 2135 308 2183 dux
326 2135 435 2182 inde
454 2134 695 2190 recedens,
720 2134 832 2182 abiit
855 2134 900 2181 in
927 2133 1094 2181 urbem
1113 2132 1469 2188 Adrianensem,
1491 2130 1622 2194 cujus

210 2210 300 2258 loci
324 2227 481 2258 comes
506 2210 810 2274 prisionarius
836 2215 938 2257 erat
956 2209 1127 2258 Karolo
1151 2208 1199 2255 in
1223 2207 1432 2271 Neapoli.
1455 2206 1623 2254 Nichil-

212 2287 414 2335 lominus
449 2293 667 2351 receptus
702 2293 772 2334 est
805 2286 1060 2334 honorifice
1095 2303 1121 2333 a
1156 2284 1392 2333 comitissa
1427 2290 1471 2331 et
1509 2299 1624 2347 pue-

213 2364 279 2411 ris
304 2364 422 2428 ejus.

279 2439 453 2487 Deinde
487 2439 648 2487 exiens
681 2438 795 2486 abiit
826 2444 932 2486 ante
963 2439 1307 2486 Beneventum2
1340 2453 1432 2500 que
1464 2442 1535 2484 est
1566 2435 1624 2483 de

264 2562 297 2598 1.
320 2561 381 2598 On
402 2561 529 2597 releve
549 2561 584 2596 le
605 2571 696 2596 nom
717 2559 762 2597 de
783 2560 919 2597 Colard
939 2560 984 2597 de
1000 2561 1266 2598 Bethencourt
1287 2559 1384 2596 dans
1405 2570 1459 2595 un
1480 2568 1625 2605 appen-

216 2621 300 2658 dice
332 2621 383 2657 du
410 2621 596 2657 Canarien
625 2620 666 2655 de
690 2621 781 2656 Jean
809 2621 852 2656 de
878 2622 1129 2663 Bethencourt,
1160 2620 1260 2657 edite
1288 2630 1358 2666 par
1385 2618 1438 2654 M.
1467 2616 1625 2653 Gabriel

218 2679 378 2716 Gravier
410 2680 462 2726 (p.
495 2677 604 2723 202);
634 2688 677 2714 sa
704 2677 782 2714 fille
811 2678 937 2715 aurait
965 2679 1106 2726 epouse
1136 2689 1189 2715 un
1220 2687 1341 2714 neveu
1372 2676 1417 2713 de
1447 2675 1548 2712 Jean
1579 2673 1625 2711 de

220 2738 497 2776 Bethencourt.

267 2797 302 2834 2.
326 2797 566 2834 Benevento.
