1941 3294
337 304 382 340 90
607 308 977 341 GHRONOGRAPHIA
1002 308 1155 340 REGUM
1179 308 1458 340 FRANCORUM.
1627 306 1731 353 [1387

336 386 447 450 quid
474 393 545 434 est
564 394 727 435 contra
747 390 934 435 Sacram
961 387 1264 450 Scripturam,
1295 387 1508 450 quamvis
1526 389 1615 436 hoc
1640 406 1733 437 non

335 469 394 517 sit
413 469 604 517 evidens
623 476 668 517 et
687 470 798 527 illud
818 485 1028 517 asserere
1048 485 1140 516 non
1158 476 1228 517 est
1249 469 1603 533 expressissime
1621 487 1732 518 con-

334 551 407 593 tra
430 546 589 604 fidem,
620 553 748 609 patet
782 547 891 609 quia
919 545 1062 592 altera
1091 545 1284 593 istarum
1319 546 1690 610 propositionum
1720 567 1729 595 :

335 625 458 670 Deus
474 629 629 686 potest
645 640 804 671 creare
819 638 1087 685 supremam
1104 638 1254 686 spem,
1277 629 1348 670 est
1368 628 1529 670 contra
1546 626 1734 671 Sacram

336 699 649 763 Scripturam‚
693 706 739 747 et
770 705 926 746 tamen
961 699 1084 746 nulla
1119 715 1280 746 earum
1318 715 1542 761 expresse
1573 705 1735 748 contra

335 775 504 831 fidem3
532 782 578 823 et
603 777 663 823 ita
689 775 748 823 de
777 775 934 823 multis
960 775 1058 823 aliis
1083 775 1483 839 propositionibus
1503 776 1591 823 sibi
1616 776 1736 823 invi-

336 867 436 897 cem
465 851 835 899 contradictoriis
868 850 991 898 inter
1027 853 1219 898 Sanctos
1251 857 1297 898 et
1332 851 1550 898 doctores
1574 851 1735 915 dispu-

335 927 552 974 tabilibus
578 933 624 973 et
649 926 915 989 disputatis.

399 1003 582 1050 Decima
620 1002 881 1066 propositio
923 1020 931 1048 :
974 1001 1072 1049 Non
1105 1018 1275 1050 omnem
1307 1003 1549 1060 hominem,
1580 1010 1737 1067 preter

337 1078 584 1135 Christum,
611 1081 892 1127 contraxisse
914 1085 1145 1142 peccatum
1170 1080 1393 1141 oriyinale
1425 1080 1478 1126 ab
1503 1080 1646 1127 Adam
1670 1087 1738 1127 est

334 1171 546 1218 expresse
586 1162 743 1203 cont-ra
784 1156 936 1218 fidem.
974 1183 1038 1190 —
1078 1155 1355 1203 Revocanda
1398 1162 1469 1203 est
1513 1163 1736 1219 tanquam

334 1231 464 1288 falsa,
489 1232 773 1287 scandalosa,
796 1232 979 1294 piarum
993 1231 1175 1279 aurium
1189 1232 1414 1279 offensiva
1430 1238 1475 1280 et
1490 1249 1738 1296 presump-

335 1314 467 1355 tuose
499 1315 701 1364 asserta,
740 1325 833 1355 non
867 1309 1082 1355 obstante
1116 1308 1444 1371 probabilitate
1479 1308 1737 1371 questionis

336 1391 491 1432 utrum
524 1385 657 1432 beata
683 1385 826 1449 Virgo
864 1385 1003 1432 fuerit
1037 1384 1084 1431 in
1113 1384 1324 1448 originali
1354 1391 1596 1447 concepta,
1625 1386 1737 1433 item

334 1461 461 1523 quod
486 1465 581 1509 Eva
600 1478 692 1508 non
719 1461 951 1508 contraxit
976 1468 1218 1524 peccatum
1239 1461 1462 1525 originale
1482 1462 1541 1509 ab
1566 1461 1732 1510 Adam.

399 1537 647 1584 Undecima
671 1537 934 1601 propositio
966 1554 974 1583 :
1004 1537 1192 1584 Beatam
1217 1536 1411 1585 Mariam
1442 1538 1670 1601 Virqinem
1695 1546 1738 1586 et

333 1613 419 1660 Dei
446 1613 715 1662 Genitricem
738 1630 828 1661 non
852 1616 1133 1661 contraxisse
1156 1621 1391 1677 peccatum
1417 1616 1641 1677 originale
1670 1623 1738 1662 est

333 1706 545 1752 expresse
587 1698 745 1738 contra
786 1690 938 1753 fidem.
977 1717 1042 1725 —
1080 1691 1357 1738 Revocanda
1404 1697 1473 1738 est
1512 1697 1737 1755 tanquam

333 1765 467 1822 falsa,
514 1766 808 1823 scandalosa,
855 1772 1218 1830 presumptuose
1255 1773 1433 1814 asserta
1470 1774 1515 1815 et
1553 1767 1738 1831 piarum

334 1842 515 1890 aurium
541 1843 784 1890 offensiva.

398 1919 679 1967 Duodecima
709 1920 967 1983 propositio
996 1938 1005 1966 ε
1041 1921 1127 1967 Est
1159 1927 1335 1967 tantum
1365 1927 1522 1968 contra
1549 1919 1738 1969 Sacram

334 1995 618 2058 Scripturam
650 2013 790 2043 unum
823 1998 1043 2044 hominem
1078 2013 1175 2044 esse
1211 2004 1463 2060 exemptum
1498 2013 1525 2043 a
1553 2005 1736 2059 peccato

334 2073 549 2135 oriqinali
573 2080 728 2135 preter
757 2073 1014 2130 Christum,
1044 2075 1161 2120 sicut
1191 2075 1233 2120 si
1266 2073 1417 2120 decem
1451 2072 1649 2121 homines
1682 2074 1737 2121 de

333 2149 450 2210 facto
474 2155 752 2211 ponerentur
777 2150 988 2212 exempti.
1017 2176 1081 2183 —
1106 2148 1385 2196 Revocanda
1415 2155 1484 2195 est
1514 2155 1737 2212 tanquam

334 2224 472 2280 falsa,
518 2225 811 2281 scandalosa‚
851 2230 1212 2288 presumptuose
1247 2231 1425 2272 asserta
1466 2230 1513 2271 et
1553 2225 1736 2288 piarum

334 2301 516 2349 aurium
541 2301 781 2348 offensiva.

399 2379 558 2425 Tercia
595 2378 774 2425 decima
813 2377 1074 2440 propositio
1118 2395 1127 2423 ε
1175 2377 1322 2440 Mayis
1363 2385 1430 2424 est
1476 2393 1738 2441 expressum

335 2462 491 2502 contra
522 2454 709 2502 Sacram
740 2456 1020 2517 Scripturam
1055 2454 1228 2500 beatam
1267 2453 1493 2517 Virginem
1520 2470 1610 2501 non
1641 2470 1738 2501 esse

335 2538 588 2594 conceptam
625 2533 674 2578 in
699 2537 881 2594 peccato
921 2531 1137 2592 originali
1174 2547 1308 2594 quam
1349 2547 1553 2578 asserere
1593 2533 1738 2594 ipsam

334 2609 477 2669 fuisse
501 2608 638 2654 simul
669 2608 844 2655 beatam
872 2613 915 2654 et
945 2609 1180 2655 matricem
1208 2608 1262 2655 ab
1293 2610 1486 2654 instanti
1520 2623 1600 2654 sue
1635 2623 1738 2654 con-

335 2686 551 2747 ceptionis
587 2685 659 2732 vel
699 2684 1091 2746 sanctificationis.
1133 2687 1190 2731 Et
1227 2691 1478 2748 postquam
1518 2683 1738 2747 probavit

337 2761 658 2819 correlarium,
685 2760 801 2808 dixit
832 2760 948 2824 quod
974 2761 1204 2824 parimodo
1231 2761 1462 2809 videretur
1486 2776 1619 2825 posse
1648 2760 1739 2808 dici
