1941 3294
284 316 323 352 1²2
554 319 921 351 CHRONOGRAPHIA
946 317 1099 350 REGUM
1123 317 1399 350 FRANCORUM.

281 398 399 446 savit
428 397 688 445 Ludovicus
714 397 772 445 de
803 399 1023 452 Navarra,
1052 395 1195 443 frater
1227 411 1475 459 germanus
1500 393 1673 452 Karoli,

281 475 403 539 regis
436 478 670 529 Navarre3
708 490 800 536 quo
837 473 1012 534 absque
1048 471 1208 519 liberis
1233 477 1438 528 mortuo,
1467 471 1514 517 in
1538 471 1678 517 mari-

281 558 381 598 tum
407 551 539 598 duxit
570 551 715 597 filium
740 548 959 598 Johannis
989 547 1047 594 de
1069 548 1299 604 Arthesio,
1329 547 1510 595 comitis
1539 547 1674 610 Augi,

281 627 466 674 nomine
500 626 757 675 Robertum
791 625 850 671 de
884 623 1140 672 Arthesi01.
1178 624 1452 679 Secundam,
1492 622 1679 669 nomine

281 705 525 767 Agnetem,
544 700 844 764 desponsavit
864 699 1081 747 dominus
1102 700 1428 756 Averonensis,
1454 706 1499 747 et
1516 698 1675 755 tercia,

281 779 467 826 nomine
488 777 760 833 Clemencia,
778 776 970 838 innupta
992 776 1272 839 permansit3
1292 782 1472 839 quarta,
1493 775 1680 822 nomine

282 856 555 916 Margaretffi
585 851 742 915 nupsit
768 851 938 899 Karolo
962 850 1020 897 de
1046 853 1178 898 Pace.

342 932 489 975 Porro
523 929 771 982 Robertus,
810 943 896 973 rex
936 927 1101 984 Sicilie,
1142 927 1313 975 tercius
1343 927 1463 974 filius
1503 927 1677 982 Karoli,

279 1004 401 1067 regis
435 1003 607 1058 Claudi,
639 1002 786 1066 patris
811 1002 898 1059 sui,
930 1018 1076 1048 unum
1108 1002 1268 1050 habuit
1300 1003 1462 1058 filium,
1493 1002 1572 1064 qui
1597 1002 1682 1049 fuit

279 1079 371 1126 dux
388 1078 638 1134 Calabrie2,
657 1078 737 1141 qui
754 1077 1056 1142 postmodum
1072 1077 1371 1140 desponsavit
1387 1078 1528 1124 filiam
1542 1078 1682 1125 comi-

277 1154 336 1201 tis
356 1155 414 1202 de
430 1154 611 1203 Valesio
636 1153 791 1200 Karoli
818 1159 863 1200 et
888 1153 1096 1217 ejusdem
1116 1153 1293 1210 uxoris,
1315 1153 1489 1200 sororis
1514 1154 1682 1201 Johan-

279 1231 367 1285 nis,
397 1230 578 1277 comitis
617 1230 770 1277 Sancti
804 1229 946 1286 Pauli,
976 1229 1035 1276 de
1063 1246 1154 1292 qua
1190 1229 1351 1276 habuit
1385 1229 1500 1276 duas
1524 1229 1642 1276 filias
1668 1247 1677 1276 :

279 1322 477 1369 quarum
508 1322 597 1352 una
633 1305 718 1352 fuit
749 1305 909 1369 regina
933 1305 1140 1354 Johanna
1167 1311 1212 1352 et
1238 1305 1381 1351 altera
1408 1304 1592 1352 ducissa
1624 1304 1682 1351 de

278 1381 532 1435 Dirachioss,
555 1386 605 1427 ut
626 1380 803 1443 patebit
822 1381 958 1427 infra.
981 1380 1156 1427 Deinde
1176 1396 1289 1427 vero
1310 1379 1425 1427 obiit
1445 1379 1568 1426 idem
1587 1379 1684 1426 dux

280 1457 503 1513 Calabrie,
532 1457 738 1504 Roberto
765 1473 892 1520 rege,
922 1462 1056 1519 patre
1078 1472 1162 1503 suo
1188 1456 1455 1519 superstite,
1486 1455 1564 1518 qui
1591 1460 1683 1502 sta-

278 1533 360 1579 tim
395 1538 502 1596 post
535 1538 737 1579 mortem
763 1532 862 1596 ejus
887 1527 1125 1579 mandavit
1150 1531 1401 1587 Ludovico,
1432 1531 1532 1596 regi
1557 1535 1683 1579 Hun-

278 1608 421 1672 garie,
452 1608 510 1655 de
545 1608 687 1655 fratre
719 1609 879 1671 nepoti
910 1625 1012 1664 suo,
1042 1614 1092 1655 ut
1126 1608 1332 1655 mitteret
1359 1608 1401 1654 ei
1426 1608 1678 1664 Andream,

278 1684 472 1731 fratrem
495 1700 630 1730 suum
651 1683 801 1731 adhuc
813 1684 1052 1747 juvenem,
1072 1690 1118 1731 et
1134 1683 1258 1746 quod
1281 1685 1322 1730 ei
1342 1683 1475 1730 daret
1492 1689 1683 1746 neptem

279 1776 410 1807 suam
449 1759 730 1814 Johannam,
769 1759 911 1806 filiam
949 1759 1080 1807 ducis
1115 1758 1348 1816 Calabrie,
1385 1759 1681 1823 primogeniti

327 1889 360 1924 1.
382 1887 432 1924 Ce
451 1887 547 1924 n'est
567 1898 633 1935 pas
659 1898 747 1923 sans
778 1887 889 1934 peine
908 1898 981 1934 que
1001 1887 1144 1924 Rohert
1171 1887 1341 1923 d’Artois
1369 1893 1438 1934 put
1463 1887 1614 1934 joindre
1643 1898 1685 1924 sa

280 1947 434 1990 fiancee,
457 1947 488 1982 si
508 1957 557 1982 on
578 1957 625 1982 en
645 1946 740 1982 croit
766 1957 819 1982 un
847 1946 1085 1993 temoignage
1117 1946 1403 1992 contemporain
1427 1957 1435 1982 ε
1464 1960 1481 1980 (ι
1501 1946 1680 1989 Romani,

283 2019 299 2039 «
321 2010 363 2040 ut
381 2004 540 2047 audivit,
564 2009 600 2040 et
622 2014 828 2040 commune
847 2003 994 2039 dictum
1023 2009 1104 2039 erat
1123 2003 1165 2038 in
1185 2004 1304 2050 curia,
1327 2002 1428 2050 quod
1448 2004 1578 2040 statim
1600 2010 1683 2050 post

284 2077 298 2096 (ι
322 2068 483 2099 mortem
498 2063 599 2108 Pape
614 2061 787 2109 Gregorii
807 2066 1015 2108 posuerunt
1036 2062 1226 2098 custodias
1247 2063 1286 2098 in
1307 2062 1465 2098 flumine
1480 2064 1571 2098 etin
1586 2068 1684 2099 terra

283 2135 298 2155 α
321 2126 358 2157 et
376 2121 417 2157 in
438 2122 618 2158 omnibus
638 2121 723 2157 aliis
743 2121 930 2168 passibus,
951 2121 1079 2158 taliter
1099 2121 1213 2168 quod,
1235 2127 1347 2168 prout
1366 2127 1445 2157 erat
1465 2124 1683 2159 communis

281 2194 296 2213 α
321 2181 434 2223 fama,
454 2180 583 2215 nullus
604 2180 913 2216 ultramontanus
933 2185 1079 2226 poterat
1099 2180 1201 2216 exire
1221 2180 1456 2216 territorium
1479 2191 1682 2217 romanum

282 2241 395 2276 «nisi
428 2251 516 2276 cum
544 2240 688 2276 bulleta
716 2239 939 2276 officialium
969 2240 1129 2277 Urbis...
1159 2245 1196 2276 et
1222 2239 1437 2286 specialiter
1469 2238 1684 2275 recordatur

284 2311 298 2332 a
321 2298 445 2334 dictus
466 2298 572 2334 testis
593 2309 632 2334 se
652 2297 846 2334 audivisse
865 2297 965 2344 quod
987 2309 1087 2333 unus
1109 2298 1153 2333 (le
1175 2297 1382 2345 parentella
1397 2297 1494 2344 regis
1508 2297 1681 2343 Francie,

284 2371 298 2391 α
322 2358 483 2394 istorum
504 2357 550 2393 de
570 2357 706 2402 Artox,
728 2357 794 2403 qui
820 2357 911 2403 ybat
937 2356 984 2392 ad
1014 2356 1317 2392 contrahendum
1346 2367 1432 2392 cum
1460 2356 1610 2392 ducissa
1637 2355 1683 2391 de

284 2431 300 2450 «
324 2416 463 2461 Duraz,
486 2427 600 2463 quem
620 2416 691 2451 iste
710 2415 816 2451 testis
836 2415 944 2460 vidit,
966 2420 1002 2451 et
1022 2420 1176 2450 venerat
1205 2415 1257 2450 ibi
1287 2426 1373 2451 cum
1400 2415 1547 2450 duabus
1567 2414 1683 2462 galeis

285 2489 299 2509 α
323 2475 475 2512 vivente
490 2475 593 2521 Papa
608 2474 803 2521 Gregorio,
819 2485 906 2510 cum
922 2485 1060 2521 magna
1074 2473 1297 2510 difficultate
1317 2473 1575 2520 permiserunt
1593 2483 1683 2508 eum

286 2548 301 2567 «
325 2534 495 2570 recedere
521 2533 738 2580 Neapolim,
767 2533 942 2569 scrutatis
976 2533 1096 2579 primo
1129 2532 1249 2579 galeis
1282 2539 1318 2568 et
1350 2532 1542 2578 recognita
1572 2536 1683 2578 gente

286 2607 300 2625 «
324 2604 438 2639 quam
459 2592 663 2629 ducebat...
689 2606 704 2626 ι
728 2592 844 2637 (Bibl.
866 2597 961 2635 nat„
984 2591 1028 2626 fr.
1052 2591 1180 2636 11745,
1203 2591 1266 2627 fol.
1291 2592 1356 2627 178
1378 2592 1437 2636 r0).

331 2652 364 2686 2.
389 2651 554 2696 Charles,
576 2651 650 2686 duc
669 2651 715 2687 de
735 2650 903 2693 Calahre,
926 2655 1081 2686 mourut
1100 2650 1134 2686 le
1157 2651 1200 2686 10
1220 2650 1425 2686 novembre
1447 2649 1549 2685 1328.

334 2710 366 2745 3.
390 2710 523 2755 Marie,
545 2709 704 2746 seconde
733 2709 809 2745 fille
836 2709 882 2745 de
912 2709 1069 2745 Charles
1096 2708 1141 2744 de
1161 2708 1330 2754 Calabre,
1352 2709 1493 2756 epousa
1512 2706 1681 2752 Charles,

288 2767 360 2803 duc
380 2767 424 2803 de
444 2768 627 2804 Durazzo.
