1941 3294
352 229 418 266 c308
622 232 991 265 GHRONOGRAPHIA
1016 231 1169 264 REGUM
1192 231 1470 265 FRANCORUM.

417 310 529 356 Cum
549 314 703 355 autem
723 308 1023 356 Temurlanus
1043 308 1382 355 ambaxiatores
1399 309 1601 371 prefatos
1620 310 1679 357 ad
1699 326 1748 357 se

349 385 509 433 venire
534 384 840 447 conspiceret,
877 383 1088 446 protinus
1117 383 1304 447 jactavit
1334 401 1383 430 se
1415 400 1555 446 super
1580 385 1748 432 lectum

349 478 501 517 suum,
536 462 715 526 fingens
753 478 802 508 se
833 477 934 508 esse
969 460 1174 524 graviter
1211 461 1464 516 infirmum,
1504 460 1584 523 qui
1615 461 1750 509 valde

348 538 585 585 metuebat
614 543 895 600 potestatem
924 536 1033 583 dicti
1059 536 1369 600 imperatoris,
1404 537 1612 601 cogitans
1637 554 1751 600 qua-

347 614 452 661 liter
483 615 636 678 ipsum
672 620 831 677 posset
860 613 1093 675 decipere.
1130 616 1380 676 Postquam
1417 630 1532 661 vero
1571 614 1629 661 ad
1662 615 1751 662 hoc

348 691 553 738 animum
591 690 833 746 vertisset,
868 688 1006 752 jussit
1039 688 1127 736 sibi
1158 689 1311 736 afferri
1348 690 1619 753 sanguinem
1648 689 1750 752 apri

347 775 582 815 recentem
614 774 659 814 et
694 767 822 813 illum
855 765 1128 829 sanguinem
1165 766 1343 829 potavit
1377 766 1618 819 habunde;
1656 782 1750 830 quo

346 843 528 898 hausto,
574 841 817 889 confestim
848 841 985 905 jussit
1031 857 1188 889 coram
1226 859 1275 889 se
1316 842 1475 889 venire
1514 841 1749 905 predictos

345 918 706 971 ambaxiatoreS,
731 922 780 964 ut
800 916 1007 964 dicerent
1026 917 1251 980 quidquid
1277 917 1448 965 vellent
1471 935 1480 963 ε
1506 924 1552 964 et
1569 933 1678 964 mox
1700 923 1750 964 ut

345 994 607 1041 cubiculum
642 994 740 1057 ejus
776 993 1085 1049 intraverunt,
1124 993 1231 1040 fecit
1265 994 1351 1040 sibi
1387 993 1541 1041 afferri
1576 993 1749 1056 pelvim

347 1069 479 1116 valde
513 1069 751 1124 velociter,
788 1069 832 1115 in
864 1085 974 1131 quo,
1011 1067 1125 1131 ipsis
1158 1068 1440 1128 videntibus,
1478 1068 1748 1132 sanguinem

344 1145 445 1208 apri
466 1161 606 1208 quem
632 1144 814 1192 biberat
837 1145 1060 1202 evomuit,
1085 1144 1207 1191 unde
1228 1144 1433 1207 perfecte
1451 1144 1750 1192 crediderunt

344 1221 470 1284 quod
497 1227 620 1269 esset
646 1222 868 1284 proprius
895 1221 1081 1285 sanguis
1110 1221 1272 1283 ipsius.
1303 1224 1370 1268 Ex
1397 1237 1488 1283 qua
1513 1237 1597 1267 rex
1617 1221 1749 1268 vide-

344 1297 480 1344 batur
500 1298 566 1344 eis
587 1298 711 1360 quod
736 1297 1141 1345 irremediabiliter
1165 1297 1212 1343 in
1231 1303 1469 1343 momento
1491 1303 1590 1344 erat
1607 1299 1749 1344 mori-

343 1380 492 1421 turus.
525 1378 650 1422 Tunc
678 1374 854 1421 dictum
884 1375 969 1421 fuit
992 1374 1167 1421 eisdem
1196 1373 1592 1421 ambaxiatoribus
1621 1373 1748 1437 quod

341 1450 630 1505 recederent,
654 1467 713 1497 ex
733 1467 826 1513 quo
852 1449 1072 1496 videbant
1096 1449 1423 1497 Temurlanum
1449 1449 1747 1498 infallibiliter

342 1533 481 1589 atque
509 1526 696 1572 indilate
722 1542 822 1573 esse
843 1525 1162 1573 decessurum.

407 1602 538 1660 Quod
563 1608 615 1650 ut
640 1602 868 1665 comperit
897 1601 1171 1665 imperator,
1204 1601 1374 1666 gaudio
1401 1618 1570 1666 magno
1595 1603 1747 1666 reple-

341 1686 434 1735 tus,
456 1679 633 1726 remisit
659 1679 891 1726 exercitus
919 1695 1027 1726 suos
1053 1678 1247 1741 quilibet
1274 1678 1332 1726 ad
1359 1680 1550 1743 propria
1576 1685 1622 1726 et
1645 1679 1746 1743 ipse

341 1771 446 1802 cum
466 1755 692 1802 uxoribus
712 1755 807 1802 suis
827 1761 873 1803 et
889 1755 1047 1802 liberis
1067 1755 1179 1802 abiit
1200 1755 1473 1818 spaciatum.
1495 1759 1746 1819 Postquam

340 1847 454 1878 vero
473 1831 816 1879 ambaxiatores
837 1830 1046 1895 jamdicti
1073 1848 1098 1878 a
1127 1831 1402 1878 Temurlano
1431 1838 1742 1888 recesserunt,

339 1907 439 1970 ipse
466 1925 492 1954 a
513 1914 660 1955 stratu
686 1924 771 1955 suo
789 1924 838 1955 se
859 1908 1060 1971 erigens,
1083 1924 1189 1954 cum
1208 1913 1304 1954 tota
1325 1914 1464 1972 gente
1485 1925 1566 1956 sua
1586 1925 1745 1971 perse-

339 1991 473 2031 cutus
488 1991 557 2031 est
572 1984 901 2047 imperatorem
919 1984 1055 2031 nichil
1072 1984 1160 2030 tale
1178 1984 1585 2047 premeditantem‚
1604 2001 1745 2048 quem

339 2076 444 2108 cum
468 2077 612 2123 parva
637 2061 873 2116 societate,
897 2065 949 2108 ut
975 2060 1151 2107 dictum
1173 2066 1259 2116 est,
1289 2060 1465 2108 invenit
1491 2067 1538 2108 et
1563 2061 1743 2108 elevato

337 2152 464 2193 ense,
485 2137 637 2199 ipsum
664 2136 893 2199 percussit
916 2142 961 2183 et
981 2136 1164 2183 occidit.
1188 2136 1362 2184 Deinde
1387 2153 1530 2184 unam
1547 2137 1606 2185 de
1625 2154 1744 2185 uxo-

337 2213 465 2261 ribus
480 2230 569 2277 que
587 2214 644 2261 de
658 2213 866 2277 ejusdem
882 2212 1183 2276 imperatoris
1200 2229 1370 2277 genere
1390 2219 1506 2271 erat,
1525 2213 1571 2260 in
1585 2213 1743 2278 conju-

336 2290 412 2354 gio
450 2289 625 2353 accepit
665 2295 710 2336 et
742 2288 858 2336 filias
892 2289 989 2353 ejus
1024 2288 1152 2336 dedit
1192 2289 1299 2336 filiis
1336 2289 1430 2337 suis
1466 2290 1511 2337 in
1550 2306 1738 2337 uxores.

337 2366 474 2414 Filios
494 2382 678 2428 quoque
704 2365 1000 2428 imperatoris
1027 2366 1166 2413 morti
1192 2365 1400 2423 tradidit,
1430 2373 1627 2430 excepto
1650 2383 1742 2414 uno

337 2449 600 2506 nuncupato
644 2442 984 2498 Soltamacuch,
1028 2459 1170 2505 quem
1209 2459 1366 2490 secum
1407 2443 1614 2500 retinuit,
1655 2443 1742 2490 sub

337 2519 466 2583 cujus
487 2519 669 2566 nomine
688 2519 788 2582 ipse
807 2519 1110 2567 Temurlanus
1127 2527 1290 2584 regnat
1305 2526 1350 2567 et
1366 2519 1650 2568 dominatur.
1669 2522 1742 2569 Sic

338 2595 493 2659 itaque
515 2596 558 2643 in
584 2613 722 2643 manu
741 2612 822 2643 sua
842 2597 1019 2658 accepit
1041 2597 1182 2645 totius
1199 2597 1402 2644 Tartarie
1427 2602 1576 2645 totum
1594 2597 1742 2661 impe-

343 2690 484 2721 rium.
