1941 3294
381 341 439 376 ll'i
644 343 1013 375 CHRONOGRAPHIA
1040 342 1191 374 REGUM
1215 341 1493 373 FRANCORUM.
1664 339 1768 386 [1394

378 444 398 468 ι
428 427 572 482 Quam
601 422 773 470 idcirco
805 421 1049 485 epistolam
1072 427 1226 469 vestre
1251 420 1526 469 Beatitudini
1551 437 1642 468 non
1666 422 1772 468 mit-

380 520 398 544 «
429 501 587 555 timus,
603 500 823 562 quoniam
835 515 919 562 per
932 497 1058 561 regie
1072 504 1344 560 preceptum
1361 497 1613 558 majestatis
1623 503 1775 545 trans-

379 597 399 621 «
430 577 619 623 missam
636 577 731 640 jam
751 591 852 622 esse
873 575 1062 621 scimus,
1084 575 1316 629 Ceterum,
1334 573 1599 621 beatissime
1619 576 1771 630 Pater,

377 673 397 697 (ι
431 653 565 700 nobis
591 670 643 699 ea
670 668 760 714 que
792 650 985 697 audistis
1009 666 1120 714 erga
1146 650 1379 712 prefatum
1402 649 1661 712 principem
1686 666 1774 712 pro

377 748 397 772 «
429 729 628 776 Ecclesie
648 728 793 774 salute
810 733 855 772 et
875 725 1095 772 concordi
1115 725 1283 772 unione
1303 725 1566 789 agentibus,
1587 731 1634 771 et
1653 725 1776 772 circa

375 824 396 849 ‹
428 812 523 852 tam
550 811 761 851 sanctum
788 818 908 864 opus
932 803 1061 864 pium
1086 817 1140 847 ac
1158 802 1428 865 religiosum
1449 817 1642 864 operam
1661 801 1776 848 dan-

374 901 393 924 «
425 882 568 935 tibus,
590 879 858 944 supervenit
876 878 1089 925 inimicus
1106 878 1264 935 homo,
1284 879 1363 941 qui
1380 878 1581 940 antiquis
1594 878 1776 925 zizaniis

373 978 393 1002 <z
426 974 546 1004 nova
570 954 986 1019 superseminando
1006 955 1128 1002 hunc
1154 961 1303 1002 totum
1330 955 1538 1002 laborem
1560 960 1774 1002 nostrum

373 1055 392 1079 <t
423 1041 518 1080 tam
554 1033 803 1080 salutarem
843 1039 1032 1095 tamque
1074 1031 1366 1079 fructil'erum
1412 1032 1686 1096 extinguere
1727 1036 1774 1078 et

371 1131 391 1154 <1
423 1126 624 1166 cassare,
651 1110 756 1156 licet
777 1109 966 1163 frustra,
991 1108 1180 1155 molitus
1206 1113 1294 1155 est.

436 1207 456 1232 (ι
486 1190 542 1234 Et
565 1187 719 1250 primo
743 1185 933 1248 quidem
960 1184 1156 1231 tentavit
1179 1184 1467 1231 audienciam
1492 1190 1702 1231 nostram
1729 1183 1776 1230 in

371 1283 390 1307 α
423 1264 549 1327 regia
572 1262 815 1326 presencia
834 1260 1063 1324 impedire
1089 1277 1183 1323 quo
1202 1260 1378 1307 facilius
1397 1260 1566 1308 factum
1585 1276 1777 1323 rumpe-

371 1359 391 1384 «
424 1347 570 1386 retur.
598 1339 772 1387 Deinde
797 1338 876 1385 ubi
913 1338 999 1384 hoc
1031 1337 1269 1400 inceptum
1301 1336 1491 1383 minime
1516 1336 1775 1400 procedere

372 1436 392 1460 α
424 1417 568 1464 sensit
596 1423 641 1463 et
675 1432 724 1462 se
756 1416 941 1478 penitus
975 1414 1157 1461 elusum
1189 1413 1247 1460 de
1279 1430 1364 1475 spe
1393 1413 1614 1462 cecidisse
1637 1413 1770 1469 vidit,

371 1513 391 1537 a
423 1493 480 1540 ad
513 1493 649 1540 aliam
681 1492 905 1539 fallaciam
937 1491 1158 1538 continuo
1191 1507 1240 1537 se
1272 1490 1519 1545 convertit,
1553 1496 1600 1537 et
1632 1506 1774 1553 super

372 1589 392 1614 α
422 1570 508 1616 hac
527 1569 720 1616 materia
737 1575 1016 1632 perpetuum
1041 1567 1282 1614 silencium
1300 1566 1434 1613 nobis
1449 1566 1626 1629 imponi
1647 1567 1775 1614 nisus

371 1665 392 1690 (ι
424 1653 517 1700 est,
550 1645 631 1693 sed
666 1651 791 1692 certe
823 1645 1014 1708 dignam
1047 1644 1241 1690 nimium
1270 1643 1580 1705 meritamque
1618 1643 1774 1706 repul-

371 1743 391 1767 «
423 1739 521 1770 sam
543 1723 716 1777 retulit,
741 1722 821 1784 qui
840 1738 866 1768 a
886 1737 996 1785 rege
1022 1720 1407 1767 christianissimo
1433 1719 1773 1783 christianaque

369 1819 388 1843 ι
421 1799 521 1863 ejus
562 1798 819 1862 propagine
867 1804 964 1844 tam
1005 1797 1225 1860 impium,
1279 1796 1532 1852 nefarium,
1586 1803 1775 1859 tamque

371 1895 390 1920 «
422 1876 700 1939 inexpiabile
722 1875 872 1922 scelus
897 1874 1189 1937 poposcisset
1216 1874 1278 1921 uti
1304 1890 1446 1936 super
1471 1873 1709 1937 religionis
1729 1879 1775 1921 et

371 1972 391 1997 ε
422 1952 528 1999 fidei
557 1951 805 1999 christiane
830 1951 1039 2006 materia,
1064 1967 1207 2013 super
1231 1950 1432 1997 Ecclesie
1459 1956 1616 1998 sancte
1641 1950 1776 1998 dissi-

370 2048 390 2072 «
425 2029 609 2091 patione
633 2028 977 2090 damnabilique
999 2028 1177 2090 jactura
1204 2026 1474 2074 doctoribus
1504 2027 1706 2074 Ecclesie
1729 2032 1775 2073 et

371 2125 390 2148 <‹
424 2105 626 2152 lucernis
664 2104 935 2151 ardentibus
968 2103 1208 2150 silencium
1241 2110 1522 2165 opponeret.
1564 2106 1773 2166 Nequam

371 2201 391 2225 (ι
425 2182 503 2244 qui
533 2181 622 2228 hoc
647 2181 884 2245 cogitavit,
919 2179 1113 2242 nequior
1136 2180 1215 2242 qui
1242 2186 1338 2226 tam
1368 2179 1528 2242 iniquo
1554 2180 1773 2243 cogitatui

371 2277 392 2302 <z
424 2258 674 2313 consensit,
713 2256 1025 2320 nequissimus
1058 2256 1137 2318 qui
1167 2257 1255 2303 hoc
1284 2256 1439 2318 ipsum
1470 2256 1774 2303 abhominan-

373 2354 392 2378 α
425 2334 538 2382 dum
562 2334 739 2381 facinus
771 2333 960 2396 explere
988 2332 1152 2379 voluit!
1181 2335 1297 2388 Heu,
1325 2335 1459 2379 Pater
1485 2332 1768 2390 beatissime,

373 2430 392 2454 α
425 2411 594 2458 iterum
625 2411 730 2465 heu,
761 2409 907 2456 tercio
937 2409 1049 2455 heu!
1085 2408 1196 2465 Quia
1222 2409 1293 2454 vir
1318 2408 1655 2456 ecclesiasticus
1686 2409 1774 2456 hoc

374 2507 392 2531 ε(
426 2487 614 2534 audeat!
646 2487 691 2534 Si
717 2486 820 2549 quis
846 2485 892 2532 id
910 2485 1057 2532 verbo
1081 2485 1307 2531 duntaxat
1333 2485 1632 2548 pertinaciter
1650 2485 1774 2532 dice-

374 2583 394 2608 «
427 2571 515 2619 ret,
548 2563 803 2611 hereticum
832 2578 1128 2609 censeremus
1167 2570 1212 2609 et
1241 2578 1326 2608 nos
1361 2562 1543 2625 publice
1581 2562 1682 2609 fieri
1725 2562 1772 2609 id

376 2660 395 2685 α
425 2641 577 2703 ipsum
601 2646 741 2703 atque
764 2639 985 2702 impugne
1009 2637 1268 2685 ferremus?

442 2737 461 2762 «ι
492 2716 743 2764 Deterioris
764 2716 910 2763 multo
933 2715 1134 2778 exempli
1162 2721 1270 2762 sunt
1289 2721 1335 2762 et
1357 2714 1546 2778 majoris
1571 2714 1772 2762 scandali

377 2814 396 2838 ε(
429 2796 542 2842 facta
561 2811 702 2857 quam
723 2794 883 2840 verba.
908 2792 1246 2840 Beatitudinem
1268 2798 1473 2839 vestram
1494 2791 1653 2838 talium
1670 2791 1772 2839 vin-
