1941 3294
364 351 432 388 152
632 350 1000 384 CHRONOGRAPHIA
1026 348 1178 380 REGUM
1202 347 1480 379 FRANGORUM.
1652 341 1756 388 [1398

367 431 609 494 «insuper
649 427 891 475 conatibus
938 425 1247 486 omnibusque
1296 423 1474 478 modis,
1518 427 1624 484 post
1673 422 1758 469 hec

365 527 385 553 <t
417 507 476 555 ad
514 522 603 569 que
648 502 912 567 peragenda
947 516 1075 548 sacre
1111 499 1346 547 sanxionis
1380 515 1466 545 nos
1504 498 1753 553 instruunt,

364 604 384 629 α
418 598 670 648 procurare
702 597 808 627 cum
833 593 1013 642 regum,
1045 576 1309 640 principum
1334 575 1622 636 aliorumque
1642 573 1758 620 fide-

364 680 384 705 «
415 660 525 707 lium
545 658 752 712 consilio,
784 655 953 703 auxilio
980 658 1025 699 et
1049 652 1208 699 favore
1233 669 1286 700 ac
1312 651 1441 714 sequi
1462 667 1567 697 cum
1593 650 1757 697 effectu

365 757 385 782 «
416 734 681 800 hujusmodi
705 733 945 785 unitatem,
982 745 1068 792 pro
1093 745 1183 791 qua
1210 727 1420 776 habenda
1447 727 1531 773 hec
1556 725 1753 789 agimus.

429 832 448 856 (ι
481 816 529 859 In
557 810 741 857 nomine
775 810 940 854 Sancte
973 811 1019 852 et
1048 804 1287 852 Individue
1322 803 1571 858 Trinitatis,
1610 801 1758 848 Patris

363 909 382 933 <x
415 894 461 935 et
483 886 581 934 Filii
605 892 650 932 et
675 884 873 946 Spiritus
890 881 1059 929 Sancti.
1087 884 1154 928 Ex
1174 897 1267 943 quo
1289 880 1396 927 dicti
1426 878 1758 926 contendentes

362 984 382 1009 ε(
414 964 474 1011 ob
500 961 799 1009 ambiciosam
827 957 1126 1022 pertinaciam
1148 957 1484 1020 premissorum
1510 955 1568 1002 ab
1594 969 1759 1001 eorum

362 1059 381 1084 <1
413 1036 680 1085 obediencia
698 1034 929 1098 repellunt
949 1038 1165 1080 cunctum
1185 1032 1408 1096 populum
1427 1031 1726 1078 christianum
1744 1047 1754 1083 ;

362 1136 380 1160 α
413 1121 458 1162 et
490 1130 576 1161 nos
602 1112 792 1176 quidem
822 1109 1073 1173 premuniti
1099 1108 1367 1171 triumphali
1400 1107 1568 1154 vexillo
1595 1109 1758 1154 Sancte

360 1213 379 1237 (ι
412 1191 584 1246 Crucis,
614 1187 938 1236 assistentibus
966 1186 1024 1233 ad
1057 1186 1145 1232 hoc
1170 1185 1306 1232 nobis
1332 1183 1620 1247 principibus
1645 1198 1758 1245 pro-

360 1289 379 1313 «
412 1268 538 1331 sapie
575 1271 734 1313 nostre
772 1281 824 1311 ac
863 1263 1076 1326 pluribus
1113 1261 1400 1325 principibus
1439 1260 1561 1315 aliis,
1608 1259 1755 1306 eciam

362 1365 380 1389 c<
413 1343 613 1392 Ecclesia
640 1341 772 1405 regni
804 1340 950 1387 nostri
978 1346 1023 1386 et
1058 1338 1382 1401 Dalphinatus,
1410 1336 1617 1383 dicentes
1651 1351 1757 1382 cum

363 1441 382 1466 «t
414 1420 627 1468 Matathia
653 1437 662 1465 z
696 1438 716 1462 <z
748 1416 988 1480 Propicius
1009 1416 1067 1462 sit
1090 1414 1224 1462 nobis
1244 1417 1384 1469 Deus,
1412 1432 1432 1456 ³>
1458 1413 1515 1459 ab
1538 1411 1758 1458 obedien-

362 1517 381 1542 «
413 1497 481 1544 cia
507 1496 636 1543 totali
665 1495 810 1558 ipsius
842 1491 1095 1546 Benedicti,
1125 1491 1182 1538 de
1215 1490 1345 1554 cujus
1380 1488 1650 1536 adversario
1685 1487 1759 1534 hic

362 1594 382 1619 (ι
415 1573 697 1620 mentionem
732 1587 822 1617 non
853 1569 1063 1623 facimus,
1094 1584 1198 1615 cum
1232 1582 1459 1629 nusquam
1487 1564 1571 1612 sibi
1598 1564 1756 1612 obedi—

363 1670 382 1694 «
415 1650 637 1704 verimus,
663 1647 781 1694 sicut
803 1662 888 1693 nec
913 1644 1104 1692 obedire
1131 1644 1362 1698 volumus,
1394 1659 1477 1689 nec
1503 1642 1754 1696 debemus3

368 1747 387 1771 «
421 1743 532 1782 nos,
573 1723 800 1779 Ecclesia,
835 1722 986 1769 clerus
1024 1726 1068 1768 et
1109 1719 1310 1783 populus
1352 1719 1483 1782 regni
1514 1718 1669 1765 *nostri
1707 1732 1760 1763 ac

364 1823 382 1848 <t
415 1801 740 1865 Dalphinatus,
793 1799 851 1846 de
891 1797 1212 1861 predictorum
1252 1802 1526 1843 vocatorum
1566 1793 1758 1841 consilio

362 1900 382 1925 c<
414 1895 604 1927 assensu
637 1877 915 1932 recedimus,
953 1874 1319 1936 nunciamusque
1347 1871 1623 1919 auctoritate
1650 1887 1759 1934 pre-

363 1976 382 2000 «
413 1955 622 2003 sencium
654 1953 926 2007 recessisse,
962 1951 1170 1998 volentes
1203 1950 1323 1996 inter
1354 1954 1507 1995 cetera
1541 1947 1667 2010 quod
1701 1949 1758 1996 ab

363 2052 382 2077 <1
414 2032 522 2079 inde
548 2031 594 2077 in
618 2036 751 2077 antea
768 2029 856 2092 ipsi
875 2027 1126 2075 Benedicto
1153 2025 1341 2088 suisque
1367 2024 1689 2072 collectoribus
1714 2032 1760 2072 et

364 2129 383 2153 «
415 2108 514 2155 aliis
543 2106 776 2154 officiariis
803 2105 1192 2167 quibuscumque,
1224 2101 1321 2148 sive
1353 2100 1498 2148 eciam
1525 2100 1760 2164 complici-

362 2205 382 2230 «
415 2186 524 2240 bus,
574 2182 832 2230 fautoribus
870 2186 916 2227 et
957 2178 1232 2241 sequacibus
1276 2194 1329 2224 ac
1374 2176 1758 2240 procuratoribus

363 2281 382 2306 ι(
415 2260 706 2315 eorumdem,
747 2259 897 2306 nullus
933 2257 1264 2320 cujuscumque
1304 2254 1588 2301 condicionis
1620 2253 1758 2300 fuerit

364 2357 384 2382 «
416 2335 721 2401 proventibus
751 2340 798 2381 et
824 2331 1147 2380 emolumentis
1171 2329 1507 2385 ecclesiasticiS,
1534 2345 1759 2392 quocum-

364 2434 384 2458 «
416 2430 506 2476 que
527 2418 573 2460 et
598 2428 657 2459 ex
683 2425 977 2474 quacumque
1003 2425 1140 2455 causa
1166 2407 1347 2454 solvere
1368 2412 1447 2453 aut
1472 2405 1758 2467 respondere

363 2510 382 2535 <z
416 2494 672 2554 presumat,
702 2487 845 2535 eciam
871 2484 1224 2533 occurrentibus
1249 2483 1549 2530 vacacionum
1576 2481 1758 2528 casibus

365 2587 384 2611 «ι
417 2571 710 2613 assumantur
731 2563 809 2626 qui
836 2562 893 2609 ad
922 2561 1198 2625 prelaturas,
1227 2560 1474 2623 dignitates
1496 2563 1540 2604 et
1568 2557 1651 2604 alia
1679 2557 1758 2604 be-

365 2661 384 2685 «
417 2641 576 2687 neficia
603 2639 794 2686 electiva
821 2654 905 2701 per
933 2635 1221 2690 electionem,
1251 2634 1416 2682 ceteris
1445 2633 1588 2680 eciam
1617 2632 1759 2679 bene-

364 2738 383 2762 (ι
415 2717 530 2764 ficiis
559 2716 862 2781 provideatur
893 2729 978 2777 per
1018 2712 1310 2759 collationem
1348 2726 1511 2758 eorum
1546 2708 1604 2756 ad
1640 2725 1758 2771 quos

365 2812 385 2837 α
417 2792 681 2857 hujusmodi
707 2790 868 2839 electio
893 2796 940 2837 et
965 2788 1146 2836 collatio
1172 2793 1384 2851 spectant
1409 2784 1758 2850 quomodolibet
