1941 3294
341 333 384 369 50
608 333 975 367 GHRONOGRAPHIA
1000 331 1153 364 REGUM
1175 331 1454 364 FRANCORUM.
1623 325 1728 372 [1383

337 413 554 461 Anthonii
590 411 827 460 fortificari
864 415 1025 458 contra
1055 409 1211 456 villam
1247 409 1450 472 quadam
1484 423 1729 454 murorum

337 495 383 536 et
406 488 608 536 turrium
632 488 840 551 ejusdem
865 485 1116 533 altitudinis
1141 485 1394 533 fortissima
1419 484 1647 531 clausura.

401 563 704 612 Postmodum
728 562 850 626 capti
875 567 983 609 sunt
1007 560 1139 608 multi
1164 560 1420 624 burgenses
1446 565 1492 607 et
1516 559 1590 606 alii
1616 575 1732 621 quo-

335 657 441 688 rum
465 641 622 703 aliqui,
651 639 962 687 mediantibus
989 638 1212 701 pecuniis,
1241 636 1535 685 evaserunt1.
1559 634 1733 682 Deinde

335 732 420 762 rex
459 716 539 778 qui
573 721 673 762 erat
705 714 753 760 in
789 713 977 760 castello
1014 712 1072 759 de
1105 715 1319 775 Luppara
1353 710 1538 757 vocavit
1571 725 1734 756 omnes

336 799 572 839 morantes
594 809 621 838 a
645 794 809 854 Magno
837 792 981 836 Ponte
1006 788 1158 835 eundo
1186 788 1245 835 ad
1271 793 1432 850 portas
1457 785 1610 834 Sancti
1629 784 1736 832 Dio-

337 868 464 925 nisii‚
510 867 659 915 Sancti
701 865 920 913 Anthonii
963 870 1009 911 et
1049 864 1201 911 Sancti
1237 864 1489 919 Honorati;
1536 877 1735 924 cumque

335 943 570 990 venissent
607 957 765 989 coram
803 957 882 997 eo,
921 940 1317 987 conestabularius
1355 940 1414 986 de
1450 939 1653 997 Cliconio
1689 942 1737 984 et

336 1019 552 1067 dominus
582 1018 640 1065 de
665 1018 866 1064 Arbetro
900 1016 1116 1064 dicebant
1141 1017 1206 1064 eis
1237 1034 1245 1063 :
1280 1035 1300 1060 «
1331 1019 1424 1065 Vos
1457 1031 1656 1078 corpora
1690 1019 1738 1060 et

338 1115 357 1139 «
389 1095 511 1142 bona
548 1100 704 1141 vestra
741 1093 1042 1149 forefecistis;
1079 1094 1233 1140 videte
1271 1092 1382 1155 quid
1421 1092 1614 1155 eligitis⁷
1655 1096 1733 1137 aut

340 1171 617 1234 «justiciam
660 1177 738 1217 aut
778 1169 1162 1217 misericordiam.
1209 1188 1229 1213 1>
1269 1168 1535 1216 Petentibus
1577 1171 1735 1213 autem

335 1246 721 1302 misericordiam,
750 1245 1054 1292 tradebantur·
1080 1244 1265 1292 scedule
1288 1259 1486 1306 quarum
1512 1259 1602 1290 una
1627 1258 1739 1288 con-

336 1323 511 1370 tinebat
541 1340 550 1369 :
584 1341 605 1366 (ι
636 1322 755 1369 Talis
787 1321 936 1368 solvet
967 1321 1108 1378 mille,
1145 1340 1165 1365 »
1195 1325 1274 1366 aut
1302 1319 1424 1382 plus,
1455 1324 1534 1365 aut
1563 1317 1736 1374 minus,

337 1399 593 1446 secundum
629 1398 874 1461 cujuslibet
904 1398 1122 1444 statum2.
1158 1400 1255 1443 Hoc
1284 1395 1428 1442 modo
1461 1412 1546 1442 rex
1581 1393 1741 1441 habuit

338 1492 479 1538 super
505 1474 785 1522 Parisienses
814 1474 1033 1537 pecunias
1058 1489 1165 1520 cum
1191 1488 1386 1519 numero
1412 1469 1736 1525 inestimabili;

337 1554 449 1599 item
475 1551 614 1615 jussit
648 1551 806 1614 plures
842 1549 1096 1612 decapitari
1134 1565 1335 1612 quorum
1369 1548 1491 1595 bona
1516 1548 1614 1611 jam
1652 1546 1740 1593 sibi

337 1628 585 1675 confiscata
620 1632 781 1683 erant;
816 1626 874 1674 de
906 1642 1000 1689 quo
1031 1626 1178 1673 eciam
1210 1641 1402 1689 magnas
1437 1624 1740 1688 pecuniarum

337 1719 543 1751 summas
569 1702 746 1749 habuit.

401 1779 574 1826 Deinde
612 1778 806 1825 sabbato
843 1784 927 1824 xxa
962 1777 1036 1825 die
1073 1777 1295 1825 februarii
1334 1777 1545 1840 ejusdem
1581 1776 1734 1833 anniss,

389 1916 420 1950 1.
444 1915 497 1951 Le
519 1914 559 1950 31
570 1914 737 1961 janvier,
753 1925 806 1949 un
826 1912 1054 1959 marchand,
1068 1913 1092 1948 J
1096 1923 1169 1948 ean
1184 1912 1364 1958 Maillart,
1382 1911 1438 1948 fut
1454 1911 1625 1958 decapite
1647 1921 1741 1948 avec

339 1974 398 2009 six
419 1980 548 2009 autres
569 1973 786 2019 Parisiens;
810 1984 858 2008 au
879 1972 977 2008 mois
998 1972 1043 2008 de
1066 1972 1205 2008 fe'vrier
1221 1982 1269 2007 on
1286 1971 1328 2007 fit
1342 1971 1431 2007 bien
1452 1970 1636 2018 quelques
1657 1970 1742 2007 exe-

341 2031 508 2076 cutionS,
525 2031 636 2073 mais,
653 2041 803 2067 comme
823 2030 944 2066 l'ecrit
966 2029 1130 2065 l'auteur
1150 2028 1196 2064 de
1218 2029 1252 2064 la
1266 2030 1390 2064 Partie
1409 2030 1543 2064 ine'dz‘te
1562 2030 1620 2064 des
1642 2029 1743 2064 chro-

340 2092 468 2134 niques
487 2091 528 2125 de
547 2089 786 2125 Saint-Denis
807 2090 855 2135 (p.
879 2088 950 2134 31),
969 2101 984 2121 α
1004 2088 1181 2134 pluseurs
1202 2092 1332 2123 autres
1352 2087 1479 2123 furent
1499 2087 1573 2122 mis
1594 2086 1617 2122 a
1637 2097 1744 2123 com-

344 2162 359 2181 «
381 2147 554 2194 posicion
575 2147 761 2194 d'argent,
779 2160 795 2180 »
814 2158 857 2183 ce
871 2157 944 2193 que
959 2147 996 2182 la
1010 2147 1189 2193 presente
1211 2146 1422 2193 chronique
1444 2146 1630 2183 confirme
1650 2155 1743 2182 avec

341 2207 546 2243 Froissart.

387 2266 422 2301 2.
446 2265 502 2301 Cf.
526 2264 730 2310 Froissart,
751 2263 810 2300 ed.
832 2264 994 2310 Kervyn
1015 2262 1060 2298 de
1080 2263 1334 2310 Lettenhove,
1355 2268 1385 2299 t.
1406 2263 1460 2310 X,
1482 2275 1519 2310 p.
1543 2263 1624 2300 197.

390 2324 422 2360 3.
447 2323 554 2360 Cette
577 2323 663 2359 date
684 2328 741 2358 est
764 2323 891 2358 fausse
916 2335 922 2357 z
947 2333 994 2358 en
1018 2322 1120 2366 1383,
1144 2322 1179 2358 le
1199 2322 1243 2357 20
1265 2322 1406 2358 sevrier
1426 2322 1554 2358 tomba
1574 2333 1627 2357 un
1647 2332 1742 2358 ven-

342 2382 460 2418 dredi.
485 2382 672 2429 L'eveque
694 2381 738 2417 de
759 2382 868 2417 Paris
888 2381 1086 2417 intercedat
1106 2392 1155 2417 en
1176 2381 1267 2417 vain
1287 2392 1382 2428 pour
1396 2381 1498 2417 Jean
1517 2381 1582 2417 des
1602 2381 1742 2424 Mares,

342 2441 406 2488 qui
427 2441 482 2477 fut
499 2443 660 2478 execute
675 2441 709 2477 le
723 2441 766 2477 ‘28
783 2441 922 2477 sevrier
944 2442 1079 2487 (Partie
1098 2442 1232 2476 inedita
1253 2442 1311 2476 des
1331 2442 1548 2486 chroniques
1562 2442 1603 2476 de
1618 2441 1745 2477 Saint-

342 2501 459 2542 Denz's,
483 2512 518 2546 p.
543 2501 583 2536 31
612 2506 649 2535 et
677 2500 746 2545 32).
778 2499 853 2535 Sur
875 2500 974 2535 Jean
1004 2499 1071 2535 des
1103 2499 1242 2544 Mares,
1264 2510 1352 2546 voy.
1376 2499 1510 2546 Denys
1540 2497 1743 2544 Godefroy,

343 2561 499 2595 Histoire
526 2561 567 2594 de
596 2560 744 2596 Gharles
770 2560 823 2604 Vl,
841 2570 915 2604 par
933 2560 1025 2594 Jean
1053 2560 1207 2594 Juvenal
1239 2560 1297 2594 des
1322 2560 1459 2600 Ursins,
1484 2557 1542 2593 ed.
1565 2557 1610 2593 de
1639 2556 1743 2599 1653,

343 2630 378 2665 p.
403 2619 489 2664 5613
512 2618 761 2665 Bourquelot‚
783 2620 875 2654 Jean
900 2619 958 2653 des
979 2619 1097 2653 Mares
1124 2618 1353 2664 (provinno),
1378 2621 1500 2653 avocat
1520 2617 1669 2662 ῃέηέναι
1696 2626 1745 2650 au

343 2681 544 2722 parlament
565 2680 606 2713 de
625 2679 744 2719 Paris,
768 2679 880 2713 Revue
907 2679 1107 2722 historique
1133 2679 1182 2713 du
1205 2679 1304 2713 droit
1323 2680 1489 2724 franpaz's
1509 2680 1540 2711 et
1561 2679 1746 2720 e'tranyer,

344 2738 467 2772 annee
498 2737 601 2783 1858,
629 2748 664 2783 p.
687 2737 754 2773 244
776 2736 798 2771 a
818 2736 899 2780 263,
921 2743 958 2773 et
979 2736 1229 2780 Delachenal,
1253 2738 1409 2772 Histoire
1435 2737 1494 2771 cles
1525 2738 1666 2770 avocats
1695 2744 1745 2769 au

341 2798 547 2843 parlament
567 2797 609 2832 de
628 2797 746 2839 Paris,
770 2807 806 2842 p.
829 2795 912 2832 362.
