1941 3294
728 256 1034 288 AVANT-PROPO
1039 255 1061 288 S
1068 280 1075 287 .

210 349 225 370 α
249 342 286 372 81
318 336 518 372 Anthoine
549 334 595 370 de
626 334 872 381 Bourgoigne

211 409 227 429 t(
248 395 322 432 duc
344 395 389 431 de
409 393 626 441 Lembourg
650 398 688 429 et
714 393 872 439 Phelipe

211 467 226 488 α
249 454 295 490 (18
315 453 559 500 Bourgoigne
586 458 700 488 conte
726 451 772 487 de
792 452 871 488 Ne-

211 526 226 546 «
249 523 336 550 vers
349 523 416 548 voz
427 517 506 547 tres
515 510 693 547 humbles
705 515 742 546 et
754 510 872 546 obeis-

211 585 228 604 «
247 582 338 607 58115
371 570 545 617 subgiez,
576 569 870 615 recognoissans

211 642 226 663 α
248 629 460 676 loyalment
494 633 529 664 et
562 627 870 672 veritahlement‚

211 702 227 721 «
250 698 399 724 comme
423 687 552 723 raison
572 692 644 731 est,
666 697 739 733 que
759 687 872 722 chas-

210 757 326 783 «cun
357 746 403 782 de
435 751 564 782 vostre
596 756 783 792 royaume
815 750 873 780 est

211 820 227 838 «
249 805 510 841 naturelment
523 809 639 840 tenuz
659 809 697 839 et
711 804 873 851 obligiez

211 878 226 896 a
249 863 295 899 de
322 874 432 909 11085,
457 873 568 909 811185
595 862 709 908 Dieu,
737 863 876 907 servir,

210 936 226 956 «
249 933 356 958 amer
385 927 422 958 et
452 921 558 958 obeir
586 926 624 957 et
649 932 699 957 ne
726 921 876 957 souffist

211 994 226 1015 α
249 992 318 1028 1185
345 980 391 1017 de
417 991 486 1027 soy
509 979 681 1016 abstenir
707 979 753 1016 de
781 990 875 1016 vous

211 1040 326 1075 «mal
352 1040 462 1084 faire,
483 1039 582 1074 mais
609 1044 668 1074 est
693 1044 808 1074 tenuz
838 1044 876 1074 et

211 1111 225 1131 a
249 1097 410 1145 obligiez
436 1097 482 1133 de
505 1108 601 1133 vous
628 1097 720 1133 faire
748 1097 876 1134 savoir

211 1170 226 1190 «
250 1168 293 1193 88
313 1167 386 1203 888
410 1156 486 1192 l’en
506 1155 574 1192 fait
599 1162 636 1192 et
657 1156 763 1192 veult
782 1156 875 1191 faire

211 1229 227 1249 «
250 1221 383 1251 contre
432 1220 562 1251 vostre
611 1215 791 1251 honneur
837 1220 876 1250 et

211 1289 224 1308 ιι
248 1274 404 1321 prouffit
428 1280 466 1310 et
487 1284 528 1310 ce
554 1274 620 1321 qui
646 1279 704 1310 est
730 1273 752 1309 a
779 1273 876 1309 faire

211 1347 225 1367 ι
249 1344 346 1380 11081
364 1338 493 1369 vostre
513 1332 618 1378 bien,
638 1333 818 1369 honneur
837 1338 875 1368 et

212 1406 226 1424 «
247 1391 447 1440 prouffit...

257 1464 272 1485 ι
295 1451 350 1487 Le
381 1450 547 1497 premier
578 1455 636 1486 est
665 1461 713 1486 88
747 1456 875 1497 188811

210 1524 227 1544 «
249 1509 295 1546 de
311 1515 440 1546 vostre
459 1520 665 1556 personne,
682 1509 704 1544 a
725 1509 876 1556 1888818

210 1583 224 1603 α
249 1569 413 1616 quelque
431 1568 561 1604 affaire
577 1579 650 1616 que
665 1579 760 1604 vous
781 1569 875 1615 8182,

210 1641 225 1661 α
249 1627 347 1663 8’851
367 1627 461 1662 mise
478 1627 673 1674 provision
688 1627 762 1663 tele
783 1627 875 1674 qu’il

211 1700 224 1719 ι
249 1686 478 1733 appartient,
507 1686 641 1732 depuis
666 1694 795 1722 vostre
821 1687 874 1723 le-

211 1759 225 1780 «
250 1756 316 1781 ver
340 1746 502 1792 jusques
532 1756 580 1780 88
610 1745 809 1789 808811181;
838 1753 876 1782 81

211 1818 225 1838 α
248 1804 439 1852 plusieurs
457 1803 528 1839 foiz
548 1810 737 1850 paravant
757 1809 795 1840 81
814 1803 875 1840 (18-

211 1878 226 1897 «
249 1863 349 1911 puis,
365 1874 460 1899 vous
481 1868 582 1899 estes
604 1863 790 1898 telement
809 1862 877 1899 (18-

211 1937 227 1956 «
248 1933 384 1959 menez
416 1922 508 1969 qu’il
536 1922 635 1958 n'est
667 1922 699 1957 si
728 1922 801 1958 fort
830 1922 875 1958 de

211 1997 227 2016 «
250 1992 361 2028 corps
389 1991 438 2018 ne
467 1980 782 2018 d’entendement
810 1981 876 2028 qui

211 2055 227 2075 «
251 2041 338 2077 n'en
377 2040 478 2077 feust
521 2039 692 2076 troublez
730 2045 768 2076 et
805 2051 875 2076 en-

211 2113 227 2133 «
250 2111 419 2147 nuyeZ...

1486 265 1602 290 XXXIX

938 333 1153 380 Anthoine,
1167 334 1241 370 duc
1256 334 1301 370 de
1317 334 1551 381 Lembourg,
1566 342 1602 371 81

938 392 1137 439 Ρ1181111118,
1152 398 1266 429 conte
1283 393 1329 428 de
1348 393 1511 438 Nevers,
1527 393 1602 430 fre-

937 461 1013 496 reS,
1035 461 1100 487 vos
1120 456 1198 488 tres
1224 451 1401 488 humbles
1431 452 1602 499 subgetz,

936 520 1077 557 parens
1110 515 1147 546 et
1179 510 1361 546 obediens
1394 511 1604 548 serviteurs

938 569 1129 605 vraiment
1162 575 1199 604 81
1232 569 1482 615 feablement,
1516 580 1605 606 con-

939 627 1142 674 gnoissans
1161 638 1231 674 par
1247 627 1448 675 jugement
1468 628 1514 664 de
1536 628 1606 664 rai-

940 697 1010 722 son
1035 687 1210 723 chascun
1231 687 1427 723 chevalier
1451 687 1496 723 de
1517 698 1605 724 vos-

938 751 997 781 tre
1016 756 1202 793 royaume
1222 746 1484 782 notoirement
1505 751 1607 782 estre

939 809 1032 840 tenu
1071 810 1108 840 81
1145 803 1305 852 ohligie,
1345 815 1454 851 apres
1492 804 1606 850 Dieu,

941 873 1038 898 vous
1072 873 1226 910 aymer,
1260 863 1382 899 servir
1419 868 1457 899 et
1486 863 1604 899 oheir.

940 921 988 957 Et
1009 932 1058 957 ne
1080 932 1248 958 sommes
1268 921 1375 968 point
1389 927 1504 958 tenus
1525 933 1608 959 588-

940 980 1086 1016 lement
1101 980 1146 1016 de
1161 991 1256 1016 vous
1275 991 1354 1017 non
1369 980 1494 1026 nuire,
1510 981 1608 1017 mais

941 1050 1130 1086 avecques
1157 1050 1201 1075 88
1228 1050 1397 1075 50818185
1424 1046 1537 1075 tenus
1563 1039 1609 1076 de

941 1108 1036 1134 vous
1065 1097 1219 1134 notifier
1249 1103 1287 1134 81
1315 1098 1338 1133 a
1367 1104 1495 1135 vostre
1522 1110 1610 1145 per-

942 1167 1063 1192 sonne
1103 1156 1197 1192 faire
1231 1156 1382 1204 scavoir
1419 1168 1462 1193 88
1495 1157 1610 1204 qu'on

940 1225 1103 1260 procure
1127 1220 1261 1251 contre
1282 1222 1411 1252 vostre
1431 1216 1612 1252 honneur

939 1278 977 1308 et
994 1272 1196 1319 prouffit...

990 1463 1005 1483 α
1029 1450 1082 1486 Le
1104 1449 1271 1496 premier
1291 1450 1323 1486 si
1337 1456 1396 1486 851
1416 1450 1461 1487 (18
1481 1456 1611 1487 vostre

940 1519 1146 1556 personne,
1163 1520 1230 1545 car
1249 1509 1392 1546 devant
1413 1520 1456 1547 ce
1477 1521 1550 1557 888
1565 1510 1611 1547 (18

943 1573 1048 1604 ceste
1072 1567 1239 1604 maledie
1268 1568 1314 1604 de
1340 1569 1505 1616 laquelle
1531 1580 1611 1606 non

942 1627 1018 1663 mie
1030 1632 1114 1663 tant
1129 1627 1347 1663 seulement
1363 1632 1465 1663 estes
1479 1629 1610 1675 greve,

943 1686 1042 1721 mais
1062 1692 1150 1721 tous
1164 1685 1219 1721 les
1235 1697 1347 1722 cuers
1361 1686 1407 1721 de
1425 1698 1492 1722 vos
1513 1687 1610 1722 amis

942 1744 1006 1791 qui
1028 1755 1123 1781 vous
1144 1751 1302 1791 ayment
1325 1755 1374 1781 en
1396 1751 1552 1782 sentent
1573 1751 1612 1782 81

943 1803 1130 1839 souffrent
1144 1809 1222 1839 tres
1237 1810 1350 1850 grant
1364 1803 1528 1840 douleur
1536 1817 1545 1848 ;
1562 1815 1612 1840 en

942 1868 1071 1898 vostre
1115 1862 1280 1907 conseil,
1328 1863 1611 1899 souventesfoiz

943 1927 1030 1957 sont
1050 1920 1121 1956 fais
1141 1921 1314 1957 traictiez
1330 1926 1463 1959 contre
1483 1928 1611 1958 vostre

941 1981 1120 2016 honneur
1140 1985 1178 2017 et
1197 1979 1397 2028 prouffit...

655 2160 686 2201 I
684 2160 700 2201 l
721 2172 770 2201 se
790 2159 990 2202 termine
1008 2159 1132 2201 ainsi
1150 2174 1163 2201 .·

260 2267 275 2286 «
297 2252 332 2288 A
370 2263 471 2300 quoy
509 2252 602 2288 faire
642 2263 740 2288 nous
780 2264 876 2289 vous

212 2325 226 2346 α
250 2311 394 2348 offrons
427 2322 498 2346 noz
528 2321 654 2358 corps,
683 2322 754 2347 noz
785 2311 876 2348 che-

213 2385 227 2404 «
247 2381 391 2407 vances
407 2375 444 2406 81
463 2380 534 2405 802
550 2371 647 2406 amis
668 2371 742 2406 818
764 2371 876 2407 ceulx

213 2442 227 2463 α
252 2429 317 2476 881
342 2439 438 2475 11081
464 2439 504 2464 88
527 2429 596 2464 fait
622 2439 759 2464 envers
783 2440 877 2465 vous

215 2502 230 2521 α
253 2499 293 2524 58
308 2486 550 2524 vouldroient
565 2486 803 2535 loyaulment
819 2499 877 2524 88-

215 2561 230 2580 «
253 2546 416 2594 8811181;
439 2553 476 2582 81
504 2557 552 2582 88
580 2557 752 2592 pouvons
773 2547 878 2583 veoir

215 2620 231 2639 (ι
254 2615 302 2642 88
324 2605 476 2642 souffrir
497 2605 574 2641 telx
597 2605 878 2643 inconveniens

215 2678 229 2698 α
253 2671 291 2701 81
333 2664 569 2712 dommaiges
607 2670 708 2701 estre
747 2665 818 2702 faiz
857 2666 879 2701 8

215 2736 230 2757 ι
253 2734 362 2768 vous,
384 2723 406 2759 8
428 2729 555 2759 vostre
580 2723 692 2759 noble
718 2734 880 2770 genera-

994 2266 1008 2286 «
1031 2253 1081 2289 Et
1105 2252 1127 2288 8
1154 2264 1195 2290 88
1222 2252 1315 2288 faire
1343 2263 1440 2289 nous
1469 2253 1613 2289 offrons

943 2310 1148 2358 richesses,
1182 2322 1292 2358 corps
1323 2317 1362 2347 et
1393 2311 1492 2347 amis
1524 2316 1560 2347 et
1593 2311 1614 2347 a

943 2376 1030 2406 tous
1052 2370 1165 2407 ceulx
1179 2370 1244 2417 qui
1258 2369 1554 2406 veritablement
1573 2380 1612 2406 se

944 2428 1149 2466 vouldront
1175 2429 1361 2476 aequiter.
1388 2429 1461 2464 Car
1487 2429 1615 2465 111818-

945 2493 1053 2524 ment
1079 2499 1178 2524 nous
1205 2498 1252 2523 ne
1282 2487 1486 2534 pourrions
1509 2487 1615 2524 veoir

946 2558 994 2583 ne
1027 2547 1181 2583 souffrir
1218 2547 1290 2582 telz
1330 2545 1613 2583 inconveniens

946 2613 1048 2643 estre
1069 2606 1142 2642 saiz
1164 2612 1296 2642 contre
1312 2616 1408 2641 vous
1429 2610 1466 2640 et
1487 2611 1614 2642 vostre

945 2665 1107 2712 majest&
1133 2664 1277 2710 royalo.
1306 2664 1355 2700 Et
1384 2664 1481 2700 n'est
1508 2664 1614 2711 point

945 2730 1075 2759 nostre
1105 2723 1307 2760 intencion
1332 2721 1378 2758 de
1408 2733 1538 2760 cesset·
1565 2734 1614 2760 ne
