1941 3294
186 281 288 328 1399]
459 285 827 318 CHRONOGRAPHIA
852 285 1003 318 REGUM
1027 285 1306 317 FRANCORUM.
1517 284 1582 320 173

186 380 206 405 α
239 362 362 408 niam
403 378 483 409 seu
531 379 582 408 ea
623 361 975 424 quomodolibet
1013 361 1299 425 impugnabo
1343 361 1465 409 facto
1508 363 1582 409 vel

184 457 204 482 (ι
237 438 400 496 verbo,
430 455 516 501 per
539 454 614 484 me
640 437 713 484 vel
739 434 825 501 per
850 438 990 486 alium
1016 454 1098 484 seu
1126 437 1254 495 alios,
1286 455 1367 485 seu
1397 443 1583 485 contra-

185 533 206 559 «
235 515 395 562 venire
425 515 500 562 vel
533 514 810 578 impugnare
842 514 1128 578 permittam,
1163 520 1390 577 quantum
1424 515 1471 562 in
1505 530 1581 561 me

183 610 203 635 «
235 598 321 648 est,
351 591 534 655 publice
558 590 631 638 vel
657 591 853 648 occulte,
878 591 959 638 sed
983 590 1170 638 easdem
1195 591 1577 654 resignationem,

181 685 202 711 α
232 668 643 724 renuntiationem,
692 667 1012 715 dimissionem
1055 672 1102 714 et
1144 667 1492 714 concessionem
1533 668 1579 714 in

180 762 201 788 ιι
230 749 510 807 perpetuum
537 749 661 791 ratas
687 750 734 791 et
756 750 912 808 gratas
937 744 1087 791 habeo
1115 749 1162 790 et
1183 744 1382 791 firmiter
1407 744 1579 792 tenebo

179 838 200 864 <x
231 826 277 867 et
302 820 564 867 observabo
593 819 639 867 in
675 826 774 867 toto
806 826 852 867 et
881 820 1085 884 qualibet
1115 820 1185 868 sui
1215 827 1364 885 parte.
1399 821 1472 868 Sic
1504 837 1579 868 me

177 914 198 940 α
228 899 350 944 Deus
379 896 568 961 adjuvet
592 903 638 944 et
666 897 752 944 hec
779 903 936 944 sancta
961 897 1042 945 Dei
1068 897 1352 962 Ewangelia,
1383 913 1580 961 presen-

178 991 199 1016 <t
229 972 371 1030 tibus,
401 979 492 1021 etc.
529 994 548 1018 »

238 1050 432 1108 Quidam
463 1068 578 1098 vero
608 1051 767 1098 dicunt
794 1050 921 1115 quod
948 1068 1054 1098 cum
1086 1051 1183 1098 dux
1214 1051 1300 1099 iste
1328 1052 1580 1099 Henrricus

172 1132 219 1172 et
259 1126 400 1174 duces
438 1127 743 1175 Eboracensis
780 1133 826 1174 et
862 1127 1137 1184 Albemelle,
1174 1133 1310 1190 pater
1352 1133 1399 1174 et
1436 1127 1575 1184 filius,

172 1218 328 1252 comes
349 1205 585 1252 Arondelli
612 1211 656 1251 et
683 1204 825 1251 ceteri
850 1204 1090 1251 venientes
1117 1203 1175 1250 ad
1203 1204 1374 1251 dictam
1398 1210 1579 1251 turrem

171 1280 406 1328 stetissent
436 1297 594 1328 coram
620 1297 731 1345 rege
754 1281 1004 1337 Richardo,
1033 1280 1157 1327 idem
1184 1297 1267 1327 rex
1299 1281 1457 1328 furore
1481 1297 1580 1327 ma-

169 1372 262 1419 gno
297 1357 521 1419 repletus,
549 1357 747 1404 multum
788 1356 1072 1403 conviciatus
1108 1362 1179 1403 est
1214 1357 1298 1412 eis,
1335 1357 1578 1420 potissime

168 1439 336 1496 patruo
363 1450 464 1490 suo,
494 1433 601 1480 duci
626 1433 924 1489 Eboracensi,
955 1439 1001 1479 et
1026 1433 1118 1479 filio
1146 1433 1263 1497 ejus,
1295 1450 1376 1480 eos
1402 1433 1578 1496 pluries

167 1508 411 1572 apellando
442 1508 653 1555 infideles
683 1515 845 1556 contra
884 1511 1031 1555 Deum
1059 1514 1105 1555 et
1143 1525 1194 1556 se
1222 1509 1401 1572 ipsum,
1438 1514 1578 1571 atque

166 1585 306 1632 falsos
323 1586 614 1648 proditores;
635 1591 680 1632 et
694 1584 820 1648 quod
838 1591 1090 1648 postquam
1111 1584 1229 1632 dixit
1249 1585 1316 1632 eis
1338 1585 1578 1648 quomodo

166 1677 279 1725 rege
312 1662 578 1710 Edowardo
614 1678 702 1708 avo
735 1667 781 1708 et
815 1661 1083 1708 immediate
1117 1661 1456 1724 predecessore
1491 1678 1575 1708 suo

165 1736 210 1784 in
238 1755 320 1786 sua
347 1738 505 1785 ultima
531 1738 768 1785 voluntate
796 1736 1077 1793 declarante,
1103 1737 1302 1800 filiisque
1324 1738 1418 1785 suis
1444 1737 1577 1785 duci-

167 1814 254 1861 bus
286 1814 561 1870 Lincestrie,
597 1813 879 1861 Eboracensi
914 1819 960 1859 et
996 1813 1356 1861 Claudiocestrie
1397 1820 1443 1861 et
1475 1814 1574 1861 aliis

165 1891 383 1954 prosapie
421 1890 589 1955 regalis
629 1889 1014 1946 assencientibus,
1056 1906 1162 1937 cum
1200 1890 1328 1937 omni
1363 1890 1489 1938 clero
1529 1896 1575 1938 et

163 1968 339 2031 populo
365 1968 411 2014 in
434 1984 596 2032 regem
623 1967 784 2031 Anglie
812 1967 949 2014 fuerit
976 1973 1244 2023 coronatus,
1267 1972 1314 2014 et
1335 1967 1464 2031 xxij⁰³
1493 1984 1575 2014 an-

165 2061 250 2092 nos
281 2050 522 2109 regnasset
554 2044 744 2107 pacifice
783 2059 926 2106 super
957 2059 1056 2100 eos,
1093 2060 1184 2090 non
1219 2043 1370 2091 solum
1406 2044 1492 2107 ipsi
1528 2043 1573 2091 in

164 2138 289 2178 eum,
325 2121 571 2184 proprium
602 2137 737 2168 suum
766 2136 929 2184 regem
954 2126 1001 2167 et
1034 2120 1295 2176 dominum,
1324 2120 1573 2168 temerarie

164 2213 329 2244 manus
343 2196 599 2260 injecerunt
617 2195 697 2243 sed
718 2212 825 2243 eum
846 2195 950 2243 diro
971 2195 1146 2243 carceri
1167 2196 1568 2258 mancipaverunt,

164 2273 285 2320 clare
322 2273 409 2320 sibi
442 2271 685 2319 constabat
719 2272 846 2335 quod
872 2272 961 2336 ipsi
994 2288 1158 2319 omnes
1191 2272 1348 2336 inique
1381 2279 1572 2337 agentes

163 2365 272 2413 erga
300 2365 424 2406 eum,
455 2355 588 2396 erant
620 2349 810 2412 pessimi
841 2348 1116 2406 traditores;
1151 2356 1197 2396 et
1232 2350 1320 2396 hoc
1346 2349 1570 2412 probaret

161 2426 206 2473 in
235 2426 405 2483 duello,
431 2432 594 2489 petens
620 2425 803 2473 admitti
828 2426 886 2473 ad
911 2427 1215 2490 pugnandum
1243 2427 1288 2473 in
1316 2426 1466 2474 stadio
1487 2443 1572 2490 per

161 2520 211 2551 sc
237 2504 388 2551 solum
414 2509 575 2550 contra
600 2502 696 2566 iiijor
727 2503 1003 2550 fortissimos
1035 2520 1216 2561 eorum,
1244 2503 1461 2567 jactando
1489 2520 1570 2550 va—

161 2578 289 2627 dium
322 2595 458 2626 suum
484 2579 529 2625 in
561 2584 759 2635 terram3
797 2585 842 2626 et
874 2579 1000 2643 quod
1039 2580 1127 2627 sibi
1164 2580 1348 2627 nemine
1371 2595 1569 2643 respon-

161 2656 316 2714 dente,
358 2672 612 2703 conversus
644 2655 701 2702 ad
741 2656 1008 2713 Dominum,
1046 2656 1201 2704 flendo
1248 2656 1355 2703 fecit
1393 2656 1564 2704 multos

161 2733 387 2780 clamores
414 2732 736 2797 gemebundos
769 2738 908 2795 atque
937 2733 1233 2781 miserandos
1259 2732 1315 2780 ad
1347 2736 1494 2781 Deum
1521 2738 1566 2781 et
