<?xml version="1.0" encoding="UTF-8"?>
<!DOCTYPE html PUBLIC "-//W3C//DTD XHTML 1.0 Transitional//EN"
    "http://www.w3.org/TR/xhtml1/DTD/xhtml1-transitional.dtd">
<html xmlns="http://www.w3.org/1999/xhtml" xml:lang="en" lang="en">
 <head>
  <title>
</title>
<meta http-equiv="Content-Type" content="text/html;charset=utf-8" />
  <meta name='ocr-system' content='tesseract 3.04.00' />
  <meta name='ocr-capabilities' content='ocr_page ocr_carea ocr_par ocr_line ocrx_word'/>
</head>
<body>
  <div class='ocr_page' id='page_1' title='image "./chronographiareg03mora_0071.png"; bbox 0 0 1941 3294; ppageno 0'>
   <div class='ocr_carea' id='block_1_1' title="bbox 226 247 1624 294">
    <p class='ocr_par' dir='ltr' id='par_1_1' title="bbox 226 247 1624 294">
     <span class='ocr_line' id='line_1_1' title="bbox 226 247 1624 294; baseline 0 -10"><span class='ocrx_word' id='word_1_1' title='bbox 226 247 330 294; x_wconf 72' lang='lat'><strong>1382]</strong></span> <span class='ocrx_word' id='word_1_2' title='bbox 496 249 866 283; x_wconf 79' lang='lat' dir='ltr'><strong>CHRONOGRAPHIA</strong></span> <span class='ocrx_word' id='word_1_3' title='bbox 891 249 1044 283; x_wconf 84' lang='lat' dir='ltr'><strong>REGUM</strong></span> <span class='ocrx_word' id='word_1_4' title='bbox 1068 250 1094 281; x_wconf 91' lang='lat' dir='ltr'><strong>F</strong></span> <span class='ocrx_word' id='word_1_5' title='bbox 1095 249 1349 283; x_wconf 81' lang='lat' dir='ltr'>RANCORUM.</span> <span class='ocrx_word' id='word_1_6' title='bbox 1605 248 1624 284; x_wconf 87' lang='lat'>9</span> 
     </span>
    </p>
   </div>
   <div class='ocr_carea' id='block_1_2' title="bbox 220 327 1638 2070">
    <p class='ocr_par' dir='ltr' id='par_1_2' title="bbox 223 327 1630 774">
     <span class='ocr_line' id='line_1_2' title="bbox 224 327 1628 385; baseline 0 -9"><span class='ocrx_word' id='word_1_7' title='bbox 224 329 349 376; x_wconf 86' lang='lat' dir='ltr'>nulla</span> <span class='ocrx_word' id='word_1_8' title='bbox 382 329 542 377; x_wconf 83' lang='lat' dir='ltr'>recolit</span> <span class='ocrx_word' id='word_1_9' title='bbox 577 334 692 385; x_wconf 90' lang='lat' dir='ltr'>etas,</span> <span class='ocrx_word' id='word_1_10' title='bbox 727 328 849 375; x_wconf 87' lang='lat' dir='ltr'>nulla</span> <span class='ocrx_word' id='word_1_11' title='bbox 882 328 1026 375; x_wconf 82' lang='lat' dir='ltr'><strong>refert</strong></span> <span class='ocrx_word' id='word_1_12' title='bbox 1058 328 1267 375; x_wconf 89' lang='lat' dir='ltr'>historia.</span> <span class='ocrx_word' id='word_1_13' title='bbox 1305 331 1419 375; x_wconf 90' lang='lat' dir='ltr'>Nam</span> <span class='ocrx_word' id='word_1_14' title='bbox 1453 327 1628 376; x_wconf 85' lang='lat' dir='ltr'>ibidem</span> 
     </span>
     <span class='ocr_line' id='line_1_3' title="bbox 224 404 1628 469; baseline -0.001 -17"><span class='ocrx_word' id='word_1_15' title='bbox 224 405 344 469; x_wconf 90' lang='lat' dir='ltr'>ignis</span> <span class='ocrx_word' id='word_1_16' title='bbox 376 405 627 453; x_wconf 87' lang='lat' dir='ltr'>vehemens</span> <span class='ocrx_word' id='word_1_17' title='bbox 652 404 711 452; x_wconf 93' lang='lat' dir='ltr'>de</span> <span class='ocrx_word' id='word_1_18' title='bbox 745 405 844 452; x_wconf 90' lang='lat' dir='ltr'>celo</span> <span class='ocrx_word' id='word_1_19' title='bbox 879 410 1069 469; x_wconf 90' lang='lat' dir='ltr'>repente</span> <span class='ocrx_word' id='word_1_20' title='bbox 1094 404 1334 452; x_wconf 87' lang='lat' dir='ltr'>descendit</span> <span class='ocrx_word' id='word_1_21' title='bbox 1367 421 1509 468; x_wconf 90' lang='lat' dir='ltr'>super</span> <span class='ocrx_word' id='word_1_22' title='bbox 1532 410 1628 452; x_wconf 90' lang='lat' dir='ltr'>ter-</span> 
     </span>
     <span class='ocr_line' id='line_1_4' title="bbox 223 481 1629 544; baseline -0.001 -16"><span class='ocrx_word' id='word_1_23' title='bbox 223 498 344 539; x_wconf 90' lang='lat' dir='ltr'>ram,</span> <span class='ocrx_word' id='word_1_24' title='bbox 370 481 432 529; x_wconf 89' lang='lat' dir='ltr'>ita</span> <span class='ocrx_word' id='word_1_25' title='bbox 458 486 510 529; x_wconf 90' lang='lat' dir='ltr'>ut</span> <span class='ocrx_word' id='word_1_26' title='bbox 533 487 685 529; x_wconf 90' lang='lat' dir='ltr'>totum</span> <span class='ocrx_word' id='word_1_27' title='bbox 710 481 874 529; x_wconf 88' lang='lat' dir='ltr'>ardere</span> <span class='ocrx_word' id='word_1_28' title='bbox 894 481 1133 529; x_wconf 86' lang='lat' dir='ltr'>videretur</span> <span class='ocrx_word' id='word_1_29' title='bbox 1153 481 1303 544; x_wconf 89' lang='lat' dir='ltr'>spatio</span> <span class='ocrx_word' id='word_1_30' title='bbox 1325 486 1456 528; x_wconf 81' lang='lat' dir='ltr'>sexte</span> <span class='ocrx_word' id='word_1_31' title='bbox 1481 481 1629 544; x_wconf 90' lang='lat' dir='ltr'>partis</span> 
     </span>
     <span class='ocr_line' id='line_1_5' title="bbox 224 557 1630 614; baseline -0.001 -9"><span class='ocrx_word' id='word_1_32' title='bbox 224 558 360 605; x_wconf 92' lang='lat' dir='ltr'>unius</span> <span class='ocrx_word' id='word_1_33' title='bbox 396 558 533 614; x_wconf 90' lang='lat' dir='ltr'>hore;</span> <span class='ocrx_word' id='word_1_34' title='bbox 578 557 702 604; x_wconf 92' lang='lat' dir='ltr'>unde</span> <span class='ocrx_word' id='word_1_35' title='bbox 739 558 869 605; x_wconf 89' lang='lat' dir='ltr'>multi</span> <span class='ocrx_word' id='word_1_36' title='bbox 909 558 954 604; x_wconf 92' lang='lat' dir='ltr'>in</span> <span class='ocrx_word' id='word_1_37' title='bbox 995 558 1245 604; x_wconf 83' lang='lat' dir='ltr'>maximam</span> <span class='ocrx_word' id='word_1_38' title='bbox 1285 557 1630 605; x_wconf 82' lang='lat' dir='ltr'>multitudinem</span> 
     </span>
     <span class='ocr_line' id='line_1_6' title="bbox 223 633 1630 698; baseline 0 -18"><span class='ocrx_word' id='word_1_39' title='bbox 223 635 347 681; x_wconf 84' lang='lat' dir='ltr'>versi</span> <span class='ocrx_word' id='word_1_40' title='bbox 382 640 505 691; x_wconf 89' lang='lat' dir='ltr'>sunt,</span> <span class='ocrx_word' id='word_1_41' title='bbox 543 634 793 698; x_wconf 83' lang='lat' dir='ltr'>pluresque</span> <span class='ocrx_word' id='word_1_42' title='bbox 828 633 1044 682; x_wconf 89' lang='lat' dir='ltr'>dicebant</span> <span class='ocrx_word' id='word_1_43' title='bbox 1076 634 1166 682; x_wconf 91' lang='lat' dir='ltr'>hoc</span> <span class='ocrx_word' id='word_1_44' title='bbox 1203 634 1347 682; x_wconf 90' lang='lat' dir='ltr'>multa</span> <span class='ocrx_word' id='word_1_45' title='bbox 1384 634 1503 681; x_wconf 89' lang='lat' dir='ltr'>mala</span> <span class='ocrx_word' id='word_1_46' title='bbox 1540 650 1630 697; x_wconf 88' lang='lat' dir='ltr'>pro</span> 
     </span>
     <span class='ocr_line' id='line_1_7' title="bbox 224 709 713 774; baseline -0.002 -17"><span class='ocrx_word' id='word_1_47' title='bbox 224 710 382 757; x_wconf 83' lang='lat' dir='ltr'>futuro</span> <span class='ocrx_word' id='word_1_48' title='bbox 408 709 713 774; x_wconf 82' lang='lat' dir='ltr'>significare1.</span> 
     </span>
    </p>

    <p class='ocr_par' dir='ltr' id='par_1_3' title="bbox 220 783 1637 1690">
     <span class='ocr_line' id='line_1_8' title="bbox 287 783 1632 851; baseline -0.003 -16"><span class='ocrx_word' id='word_1_49' title='bbox 287 791 353 835; x_wconf 93' lang='lat' dir='ltr'>Eo</span> <span class='ocrx_word' id='word_1_50' title='bbox 380 792 506 842; x_wconf 89' lang='lat' dir='ltr'>tunc,</span> <span class='ocrx_word' id='word_1_51' title='bbox 536 791 727 849; x_wconf 91' lang='lat' dir='ltr'>accepta</span> <span class='ocrx_word' id='word_1_52' title='bbox 753 804 779 832; x_wconf 91' lang='lat' dir='ltr'>a</span> <span class='ocrx_word' id='word_1_53' title='bbox 804 803 915 851; x_wconf 92' lang='lat' dir='ltr'>rege</span> <span class='ocrx_word' id='word_1_54' title='bbox 948 786 1137 834; x_wconf 83' lang='lat' dir='ltr'>licencia</span> <span class='ocrx_word' id='word_1_55' title='bbox 1169 792 1215 834; x_wconf 90' lang='lat' dir='ltr'>et</span> <span class='ocrx_word' id='word_1_56' title='bbox 1239 785 1476 833; x_wconf 87' lang='lat' dir='ltr'>valefactis</span> <span class='ocrx_word' id='word_1_57' title='bbox 1502 783 1632 832; x_wconf 90' lang='lat' dir='ltr'>duci-</span> 
     </span>
     <span class='ocr_line' id='line_1_9' title="bbox 223 859 1632 926; baseline -0.001 -17"><span class='ocrx_word' id='word_1_58' title='bbox 223 862 329 919; x_wconf 85' lang='lat' dir='ltr'>bus,</span> <span class='ocrx_word' id='word_1_59' title='bbox 359 861 503 909; x_wconf 88' lang='lat' dir='ltr'>fratre</span> <span class='ocrx_word' id='word_1_60' title='bbox 533 861 801 926; x_wconf 87' lang='lat' dir='ltr'>Burgundie</span> <span class='ocrx_word' id='word_1_61' title='bbox 833 867 879 908; x_wconf 91' lang='lat' dir='ltr'>et</span> <span class='ocrx_word' id='word_1_62' title='bbox 909 861 1147 918; x_wconf 88' lang='lat' dir='ltr'>Borbonii,</span> <span class='ocrx_word' id='word_1_63' title='bbox 1174 866 1371 926; x_wconf 87' lang='lat' dir='ltr'>cognato</span> <span class='ocrx_word' id='word_1_64' title='bbox 1404 877 1505 915; x_wconf 87' lang='lat' dir='ltr'>suo,</span> <span class='ocrx_word' id='word_1_65' title='bbox 1536 859 1632 907; x_wconf 90' lang='lat' dir='ltr'>dux</span> 
     </span>
     <span class='ocr_line' id='line_1_10' title="bbox 224 937 1633 1002; baseline -0.003 -15"><span class='ocrx_word' id='word_1_66' title='bbox 224 938 572 1002; x_wconf 87' lang='lat' dir='ltr'>Andegavensis</span> <span class='ocrx_word' id='word_1_67' title='bbox 598 955 624 984; x_wconf 92' lang='lat' dir='ltr'>a</span> <span class='ocrx_word' id='word_1_68' title='bbox 658 954 805 1002; x_wconf 89' lang='lat' dir='ltr'>regno</span> <span class='ocrx_word' id='word_1_69' title='bbox 831 939 1055 986; x_wconf 82' lang='lat' dir='ltr'>recedens</span> <span class='ocrx_word' id='word_1_70' title='bbox 1087 955 1193 986; x_wconf 91' lang='lat' dir='ltr'>cum</span> <span class='ocrx_word' id='word_1_71' title='bbox 1218 938 1447 985; x_wconf 87' lang='lat' dir='ltr'>thesauris</span> <span class='ocrx_word' id='word_1_72' title='bbox 1478 937 1633 984; x_wconf 89' lang='lat' dir='ltr'>fratris</span> 
     </span>
     <span class='ocr_line' id='line_1_11' title="bbox 223 1014 1634 1078; baseline -0.001 -16"><span class='ocrx_word' id='word_1_73' title='bbox 223 1015 294 1063; x_wconf 91' lang='lat' dir='ltr'>sui</span> <span class='ocrx_word' id='word_1_74' title='bbox 324 1014 480 1063; x_wconf 87' lang='lat' dir='ltr'>Karoli</span> <span class='ocrx_word' id='word_1_75' title='bbox 506 1014 728 1071; x_wconf 88' lang='lat' dir='ltr'>defuncti,</span> <span class='ocrx_word' id='word_1_76' title='bbox 759 1031 878 1078; x_wconf 93' lang='lat' dir='ltr'>quos</span> <span class='ocrx_word' id='word_1_77' title='bbox 907 1021 1121 1078; x_wconf 90' lang='lat' dir='ltr'>tempore</span> <span class='ocrx_word' id='word_1_78' title='bbox 1157 1032 1251 1077; x_wconf 89' lang='lat' dir='ltr'>quo</span> <span class='ocrx_word' id='word_1_79' title='bbox 1283 1015 1434 1062; x_wconf 85' lang='lat' dir='ltr'>fuerat</span> <span class='ocrx_word' id='word_1_80' title='bbox 1465 1029 1634 1077; x_wconf 87' lang='lat' dir='ltr'>regens</span> 
     </span>
     <span class='ocr_line' id='line_1_12' title="bbox 222 1089 1635 1154; baseline -0.001 -16"><span class='ocrx_word' id='word_1_81' title='bbox 222 1090 430 1146; x_wconf 88' lang='lat' dir='ltr'>Francie,</span> <span class='ocrx_word' id='word_1_82' title='bbox 460 1096 510 1137; x_wconf 92' lang='lat' dir='ltr'>ut</span> <span class='ocrx_word' id='word_1_83' title='bbox 538 1090 792 1154; x_wconf 85' lang='lat' dir='ltr'>vulgariter</span> <span class='ocrx_word' id='word_1_84' title='bbox 816 1090 1074 1146; x_wconf 82' lang='lat' dir='ltr'>dicebatur,</span> <span class='ocrx_word' id='word_1_85' title='bbox 1105 1090 1396 1145; x_wconf 79' lang='lat' dir='ltr'>sustulerat2,</span> <span class='ocrx_word' id='word_1_86' title='bbox 1426 1089 1635 1153; x_wconf 86' lang='lat' dir='ltr'>perrexit</span> 
     </span>
     <span class='ocr_line' id='line_1_13' title="bbox 222 1165 1634 1229; baseline -0.001 -16"><span class='ocrx_word' id='word_1_87' title='bbox 222 1166 497 1214; x_wconf 86' lang='lat' dir='ltr'>Avinionem</span> <span class='ocrx_word' id='word_1_88' title='bbox 529 1166 586 1213; x_wconf 93' lang='lat' dir='ltr'>ad</span> <span class='ocrx_word' id='word_1_89' title='bbox 621 1166 826 1213; x_wconf 89' lang='lat' dir='ltr'>eundum</span> <span class='ocrx_word' id='word_1_90' title='bbox 858 1167 905 1213; x_wconf 91' lang='lat' dir='ltr'>in</span> <span class='ocrx_word' id='word_1_91' title='bbox 942 1165 1155 1229; x_wconf 86' lang='lat' dir='ltr'>Apuliam</span> <span class='ocrx_word' id='word_1_92' title='bbox 1186 1172 1233 1212; x_wconf 90' lang='lat' dir='ltr'>et</span> <span class='ocrx_word' id='word_1_93' title='bbox 1267 1165 1634 1213; x_wconf 88' lang='lat' dir='ltr'>succurrendum</span> 
     </span>
     <span class='ocr_line' id='line_1_14' title="bbox 222 1241 1630 1307; baseline -0.002 -17"><span class='ocrx_word' id='word_1_94' title='bbox 222 1243 381 1307; x_wconf 83' lang='lat' dir='ltr'>regine</span> <span class='ocrx_word' id='word_1_95' title='bbox 399 1243 574 1291; x_wconf 86' lang='lat' dir='ltr'>Scicilie</span> <span class='ocrx_word' id='word_1_96' title='bbox 594 1242 696 1306; x_wconf 75' lang='lat' dir='ltr'>(sic)</span> <span class='ocrx_word' id='word_1_97' title='bbox 719 1248 880 1289; x_wconf 89' lang='lat' dir='ltr'>contra</span> <span class='ocrx_word' id='word_1_98' title='bbox 897 1242 1120 1290; x_wconf 90' lang='lat' dir='ltr'>Karolum</span> <span class='ocrx_word' id='word_1_99' title='bbox 1136 1241 1194 1289; x_wconf 90' lang='lat' dir='ltr'>de</span> <span class='ocrx_word' id='word_1_100' title='bbox 1212 1245 1345 1299; x_wconf 89' lang='lat' dir='ltr'>Pace,</span> <span class='ocrx_word' id='word_1_101' title='bbox 1369 1242 1448 1305; x_wconf 87' lang='lat' dir='ltr'>qui</span> <span class='ocrx_word' id='word_1_102' title='bbox 1466 1258 1569 1289; x_wconf 87' lang='lat' dir='ltr'>eam</span> <span class='ocrx_word' id='word_1_103' title='bbox 1586 1241 1630 1288; x_wconf 94' lang='lat' dir='ltr'>in</span> 
     </span>
     <span class='ocr_line' id='line_1_15' title="bbox 222 1318 1635 1383; baseline -0.001 -17"><span class='ocrx_word' id='word_1_104' title='bbox 222 1319 428 1382; x_wconf 90' lang='lat' dir='ltr'>Neapoli,</span> <span class='ocrx_word' id='word_1_105' title='bbox 458 1319 574 1367; x_wconf 89' lang='lat' dir='ltr'>urbe</span> <span class='ocrx_word' id='word_1_106' title='bbox 602 1336 683 1366; x_wconf 90' lang='lat' dir='ltr'>sua</span> <span class='ocrx_word' id='word_1_107' title='bbox 708 1319 853 1383; x_wconf 85' lang='lat' dir='ltr'>regia,</span> <span class='ocrx_word' id='word_1_108' title='bbox 886 1335 980 1365; x_wconf 91' lang='lat' dir='ltr'>non</span> <span class='ocrx_word' id='word_1_109' title='bbox 1012 1318 1162 1365; x_wconf 91' lang='lat' dir='ltr'>solum</span> <span class='ocrx_word' id='word_1_110' title='bbox 1195 1323 1384 1381; x_wconf 89' lang='lat' dir='ltr'>ceperat</span> <span class='ocrx_word' id='word_1_111' title='bbox 1415 1325 1461 1365; x_wconf 91' lang='lat' dir='ltr'>et</span> <span class='ocrx_word' id='word_1_112' title='bbox 1486 1318 1635 1365; x_wconf 90' lang='lat' dir='ltr'>incar-</span> 
     </span>
     <span class='ocr_line' id='line_1_16' title="bbox 221 1394 1637 1459; baseline -0.001 -17"><span class='ocrx_word' id='word_1_113' title='bbox 221 1400 479 1453; x_wconf 86' lang='lat' dir='ltr'>ceraverat,</span> <span class='ocrx_word' id='word_1_114' title='bbox 504 1394 586 1442; x_wconf 90' lang='lat' dir='ltr'>sed</span> <span class='ocrx_word' id='word_1_115' title='bbox 606 1394 652 1441; x_wconf 92' lang='lat' dir='ltr'>in</span> <span class='ocrx_word' id='word_1_116' title='bbox 678 1410 840 1459; x_wconf 89' lang='lat' dir='ltr'>regem</span> <span class='ocrx_word' id='word_1_117' title='bbox 865 1394 1040 1442; x_wconf 88' lang='lat' dir='ltr'>Scicilie</span> <span class='ocrx_word' id='word_1_118' title='bbox 1063 1401 1108 1441; x_wconf 91' lang='lat' dir='ltr'>et</span> <span class='ocrx_word' id='word_1_119' title='bbox 1126 1394 1412 1442; x_wconf 88' lang='lat' dir='ltr'>Jherusalem</span> <span class='ocrx_word' id='word_1_120' title='bbox 1433 1411 1482 1441; x_wconf 91' lang='lat' dir='ltr'>se</span> <span class='ocrx_word' id='word_1_121' title='bbox 1503 1410 1637 1441; x_wconf 88' lang='lat' dir='ltr'>coro-</span> 
     </span>
     <span class='ocr_line' id='line_1_17' title="bbox 222 1470 1633 1535; baseline -0.001 -15"><span class='ocrx_word' id='word_1_122' title='bbox 222 1471 322 1520; x_wconf 89' lang='lat' dir='ltr'>nari</span> <span class='ocrx_word' id='word_1_123' title='bbox 341 1472 513 1519; x_wconf 85' lang='lat' dir='ltr'>fecerat</span> <span class='ocrx_word' id='word_1_124' title='bbox 529 1477 576 1519; x_wconf 89' lang='lat' dir='ltr'>et</span> <span class='ocrx_word' id='word_1_125' title='bbox 590 1488 788 1520; x_wconf 89' lang='lat' dir='ltr'>uxorem</span> <span class='ocrx_word' id='word_1_126' title='bbox 809 1488 956 1527; x_wconf 91' lang='lat' dir='ltr'>suam,</span> <span class='ocrx_word' id='word_1_127' title='bbox 983 1477 1172 1534; x_wconf 90' lang='lat' dir='ltr'>neptem</span> <span class='ocrx_word' id='word_1_128' title='bbox 1192 1471 1308 1535; x_wconf 90' lang='lat' dir='ltr'>ejus,</span> <span class='ocrx_word' id='word_1_129' title='bbox 1329 1471 1375 1517; x_wconf 92' lang='lat' dir='ltr'>in</span> <span class='ocrx_word' id='word_1_130' title='bbox 1398 1470 1633 1535; x_wconf 69' lang='lat' dir='ltr'>reginam,</span> 
     </span>
     <span class='ocr_line' id='line_1_18' title="bbox 220 1548 1635 1612; baseline -0.002 -15"><span class='ocrx_word' id='word_1_131' title='bbox 220 1549 408 1597; x_wconf 89' lang='lat' dir='ltr'>racione</span> <span class='ocrx_word' id='word_1_132' title='bbox 442 1548 588 1612; x_wconf 88' lang='lat' dir='ltr'>cujus,</span> <span class='ocrx_word' id='word_1_133' title='bbox 625 1555 675 1596; x_wconf 92' lang='lat' dir='ltr'>ut</span> <span class='ocrx_word' id='word_1_134' title='bbox 710 1548 901 1612; x_wconf 91' lang='lat' dir='ltr'>quidam</span> <span class='ocrx_word' id='word_1_135' title='bbox 938 1548 1115 1604; x_wconf 91' lang='lat' dir='ltr'>dicunt,</span> <span class='ocrx_word' id='word_1_136' title='bbox 1153 1548 1241 1595; x_wconf 89' lang='lat' dir='ltr'>sibi</span> <span class='ocrx_word' id='word_1_137' title='bbox 1270 1564 1470 1612; x_wconf 87' lang='lat' dir='ltr'>regnum</span> <span class='ocrx_word' id='word_1_138' title='bbox 1499 1564 1635 1595; x_wconf 88' lang='lat' dir='ltr'>usur-</span> 
     </span>
     <span class='ocr_line' id='line_1_19' title="bbox 221 1631 434 1690; baseline -0.005 -17"><span class='ocrx_word' id='word_1_139' title='bbox 221 1631 434 1690; x_wconf 88' lang='lat' dir='ltr'>paverat.</span> 
     </span>
    </p>

    <p class='ocr_par' dir='ltr' id='par_1_4' title="bbox 221 1700 1638 2070">
     <span class='ocr_line' id='line_1_20' title="bbox 287 1700 1634 1760; baseline -0.002 -10"><span class='ocrx_word' id='word_1_140' title='bbox 287 1702 490 1760; x_wconf 84' lang='lat' dir='ltr'>Qualiter</span> <span class='ocrx_word' id='word_1_141' title='bbox 530 1718 644 1749; x_wconf 86' lang='lat' dir='ltr'>vero</span> <span class='ocrx_word' id='word_1_142' title='bbox 684 1701 759 1748; x_wconf 92' lang='lat' dir='ltr'>hic</span> <span class='ocrx_word' id='word_1_143' title='bbox 801 1701 997 1749; x_wconf 89' lang='lat' dir='ltr'>Karolus</span> <span class='ocrx_word' id='word_1_144' title='bbox 1037 1700 1096 1748; x_wconf 88' lang='lat' dir='ltr'>de</span> <span class='ocrx_word' id='word_1_145' title='bbox 1139 1701 1370 1756; x_wconf 89' lang='lat' dir='ltr'>Dirachio,</span> <span class='ocrx_word' id='word_1_146' title='bbox 1417 1700 1475 1748; x_wconf 91' lang='lat' dir='ltr'>de</span> <span class='ocrx_word' id='word_1_147' title='bbox 1517 1703 1634 1748; x_wconf 88' lang='lat' dir='ltr'>Pace</span> 
     </span>
     <span class='ocr_line' id='line_1_21' title="bbox 223 1776 1637 1842; baseline -0.001 -17"><span class='ocrx_word' id='word_1_148' title='bbox 223 1784 585 1842; x_wconf 86' lang='lat' dir='ltr'>cognomentum</span> <span class='ocrx_word' id='word_1_149' title='bbox 618 1777 794 1835; x_wconf 83' lang='lat' dir='ltr'>habuit,</span> <span class='ocrx_word' id='word_1_150' title='bbox 831 1784 875 1825; x_wconf 91' lang='lat' dir='ltr'>et</span> <span class='ocrx_word' id='word_1_151' title='bbox 908 1777 1145 1841; x_wconf 90' lang='lat' dir='ltr'>quomodo</span> <span class='ocrx_word' id='word_1_152' title='bbox 1178 1793 1299 1824; x_wconf 90' lang='lat' dir='ltr'>uxor</span> <span class='ocrx_word' id='word_1_153' title='bbox 1331 1777 1448 1840; x_wconf 85' lang='lat' dir='ltr'>ejus,</span> <span class='ocrx_word' id='word_1_154' title='bbox 1484 1776 1637 1840; x_wconf 87' lang='lat' dir='ltr'>neptis</span> 
     </span>
     <span class='ocr_line' id='line_1_22' title="bbox 221 1852 1637 1918; baseline -0.001 -18"><span class='ocrx_word' id='word_1_155' title='bbox 221 1854 382 1918; x_wconf 87' lang='lat' dir='ltr'>regine</span> <span class='ocrx_word' id='word_1_156' title='bbox 425 1860 540 1910; x_wconf 90' lang='lat' dir='ltr'>erat,</span> <span class='ocrx_word' id='word_1_157' title='bbox 582 1860 632 1901; x_wconf 91' lang='lat' dir='ltr'>tu</span> <span class='ocrx_word' id='word_1_158' title='bbox 672 1853 752 1916; x_wconf 89' lang='lat' dir='ltr'>qui</span> <span class='ocrx_word' id='word_1_159' title='bbox 792 1853 924 1918; x_wconf 88' lang='lat' dir='ltr'>legis,</span> <span class='ocrx_word' id='word_1_160' title='bbox 972 1853 1195 1900; x_wconf 86' lang='lat' dir='ltr'>ausculta.</span> <span class='ocrx_word' id='word_1_161' title='bbox 1240 1852 1439 1899; x_wconf 89' lang='lat' dir='ltr'>Karolus</span> <span class='ocrx_word' id='word_1_162' title='bbox 1482 1853 1637 1915; x_wconf 88' lang='lat' dir='ltr'>itaque</span> 
     </span>
     <span class='ocr_line' id='line_1_23' title="bbox 221 1928 1637 1993; baseline -0.001 -16"><span class='ocrx_word' id='word_1_163' title='bbox 221 1936 532 1993; x_wconf 89' lang='lat' dir='ltr'>cognomento</span> <span class='ocrx_word' id='word_1_164' title='bbox 558 1929 774 1985; x_wconf 92' lang='lat' dir='ltr'>Claudus,</span> <span class='ocrx_word' id='word_1_165' title='bbox 806 1930 914 1976; x_wconf 90' lang='lat' dir='ltr'>olim</span> <span class='ocrx_word' id='word_1_166' title='bbox 940 1945 1025 1976; x_wconf 86' lang='lat' dir='ltr'>rex</span> <span class='ocrx_word' id='word_1_167' title='bbox 1050 1928 1245 1985; x_wconf 85' lang='lat' dir='ltr'>Scicilie‚</span> <span class='ocrx_word' id='word_1_168' title='bbox 1273 1929 1390 1976; x_wconf 87' lang='lat' dir='ltr'>sicut</span> <span class='ocrx_word' id='word_1_169' title='bbox 1420 1928 1637 1991; x_wconf 89' lang='lat' dir='ltr'>superius</span> 
     </span>
     <span class='ocr_line' id='line_1_24' title="bbox 221 2005 1638 2070; baseline 0 -17"><span class='ocrx_word' id='word_1_170' title='bbox 221 2006 443 2063; x_wconf 89' lang='lat' dir='ltr'>diximus,</span> <span class='ocrx_word' id='word_1_171' title='bbox 486 2012 667 2070; x_wconf 89' lang='lat' dir='ltr'>septem</span> <span class='ocrx_word' id='word_1_172' title='bbox 710 2006 831 2053; x_wconf 89' lang='lat' dir='ltr'>filios</span> <span class='ocrx_word' id='word_1_173' title='bbox 871 2005 1032 2053; x_wconf 87' lang='lat' dir='ltr'>habuit</span> <span class='ocrx_word' id='word_1_174' title='bbox 1073 2023 1082 2051; x_wconf 89' lang='lat'><strong>:</strong></span> <span class='ocrx_word' id='word_1_175' title='bbox 1124 2021 1327 2068; x_wconf 90' lang='lat' dir='ltr'>quorum</span> <span class='ocrx_word' id='word_1_176' title='bbox 1365 2005 1547 2069; x_wconf 92' lang='lat' dir='ltr'>primus</span> <span class='ocrx_word' id='word_1_177' title='bbox 1591 2012 1638 2053; x_wconf 88' lang='lat' dir='ltr'>et</span> 
     </span>
    </p>
   </div>
   <div class='ocr_carea' id='block_1_3' title="bbox 222 2134 1640 2770">
    <p class='ocr_par' dir='ltr' id='par_1_5' title="bbox 223 2134 1640 2299">
     <span class='ocr_line' id='line_1_25' title="bbox 272 2134 1640 2182; baseline -0.001 -11"><span class='ocrx_word' id='word_1_178' title='bbox 272 2136 304 2171; x_wconf 85' lang='lat'>1.</span> <span class='ocrx_word' id='word_1_179' title='bbox 327 2135 380 2171; x_wconf 88' lang='lat' dir='ltr'>Le</span> <span class='ocrx_word' id='word_1_180' title='bbox 400 2135 602 2182; x_wconf 84' lang='lat' dir='ltr'>Religieux</span> <span class='ocrx_word' id='word_1_181' title='bbox 623 2135 668 2171; x_wconf 83' lang='lat' dir='ltr'>de</span> <span class='ocrx_word' id='word_1_182' title='bbox 694 2134 958 2182; x_wconf 85' lang='lat' dir='ltr'>Saint-Denys</span> <span class='ocrx_word' id='word_1_183' title='bbox 986 2140 1026 2175; x_wconf 76' lang='lat' dir='ltr'>(t.</span> <span class='ocrx_word' id='word_1_184' title='bbox 1054 2134 1086 2178; x_wconf 93' lang='lat' dir='ltr'>l,</span> <span class='ocrx_word' id='word_1_185' title='bbox 1122 2145 1158 2181; x_wconf 90' lang='lat' dir='ltr'>p.</span> <span class='ocrx_word' id='word_1_186' title='bbox 1185 2134 1265 2179; x_wconf 73' lang='lat'><strong>142)</strong></span> <span class='ocrx_word' id='word_1_187' title='bbox 1295 2134 1536 2180; x_wconf 84' lang='lat' dir='ltr'>mentionne,</span> <span class='ocrx_word' id='word_1_188' title='bbox 1564 2135 1585 2170; x_wconf 78' lang='lat' dir='ltr'>a</span> <span class='ocrx_word' id='word_1_189' title='bbox 1605 2134 1640 2170; x_wconf 87' lang='lat' dir='ltr'>la</span> 
     </span>
     <span class='ocr_line' id='line_1_26' title="bbox 223 2193 1638 2241; baseline 0 -11"><span class='ocrx_word' id='word_1_190' title='bbox 223 2194 309 2230; x_wconf 89' lang='lat' dir='ltr'>date</span> <span class='ocrx_word' id='word_1_191' title='bbox 335 2195 386 2230; x_wconf 91' lang='lat' dir='ltr'>du</span> <span class='ocrx_word' id='word_1_192' title='bbox 414 2194 455 2230; x_wconf 88' lang='grc'>16</span> <span class='ocrx_word' id='word_1_193' title='bbox 479 2194 629 2241; x_wconf 80' lang='lat' dir='ltr'>J&#39;anvier</span> <span class='ocrx_word' id='word_1_194' title='bbox 660 2193 750 2230; x_wconf 68' lang='lat'>1382</span> <span class='ocrx_word' id='word_1_195' title='bbox 777 2199 828 2234; x_wconf 85' lang='lat' dir='ltr'>(n.</span> <span class='ocrx_word' id='word_1_196' title='bbox 859 2199 935 2239; x_wconf 79' lang='lat' dir='ltr'>st.)‚</span> <span class='ocrx_word' id='word_1_197' title='bbox 968 2205 1023 2229; x_wconf 89' lang='lat' dir='ltr'>un</span> <span class='ocrx_word' id='word_1_198' title='bbox 1051 2193 1295 2240; x_wconf 75' lang='lat' dir='ltr'>phenomene</span> <span class='ocrx_word' id='word_1_199' title='bbox 1325 2193 1393 2241; x_wconf 81' lang='lat' dir='ltr'>qui</span> <span class='ocrx_word' id='word_1_200' title='bbox 1421 2193 1516 2236; x_wconf 83' lang='lat' dir='ltr'>doit,</span> <span class='ocrx_word' id='word_1_201' title='bbox 1551 2205 1638 2230; x_wconf 89' lang='lat' dir='ltr'>sans</span> 
     </span>
     <span class='ocr_line' id='line_1_27' title="bbox 223 2252 939 2299; baseline 0 -11"><span class='ocrx_word' id='word_1_202' title='bbox 223 2252 351 2297; x_wconf 85' lang='lat' dir='ltr'>doute,</span> <span class='ocrx_word' id='word_1_203' title='bbox 373 2254 451 2288; x_wconf 84' lang='lat' dir='ltr'>etre</span> <span class='ocrx_word' id='word_1_204' title='bbox 472 2252 507 2288; x_wconf 91' lang='lat' dir='ltr'>le</span> <span class='ocrx_word' id='word_1_205' title='bbox 527 2254 652 2288; x_wconf 83' lang='lat' dir='ltr'>meme</span> <span class='ocrx_word' id='word_1_206' title='bbox 673 2263 747 2299; x_wconf 87' lang='lat' dir='ltr'>que</span> <span class='ocrx_word' id='word_1_207' title='bbox 768 2252 939 2288; x_wconf 84' lang='lat' dir='ltr'>celui-ei.</span> 
     </span>
    </p>

    <p class='ocr_par' dir='ltr' id='par_1_6' title="bbox 222 2310 1638 2770">
     <span class='ocr_line' id='line_1_28' title="bbox 270 2310 1636 2358; baseline -0.001 -11"><span class='ocrx_word' id='word_1_208' title='bbox 270 2312 303 2347; x_wconf 72' lang='lat'>2.</span> <span class='ocrx_word' id='word_1_209' title='bbox 328 2311 435 2347; x_wconf 87' lang='lat' dir='ltr'>Cette</span> <span class='ocrx_word' id='word_1_210' title='bbox 455 2311 664 2358; x_wconf 85' lang='lat' dir='ltr'>chronique</span> <span class='ocrx_word' id='word_1_211' title='bbox 684 2311 954 2356; x_wconf 85' lang='lat' dir='ltr'>confirmerait‚</span> <span class='ocrx_word' id='word_1_212' title='bbox 975 2310 1034 2346; x_wconf 89' lang='lat' dir='ltr'>s&#39;il</span> <span class='ocrx_word' id='word_1_213' title='bbox 1055 2311 1152 2347; x_wconf 81' lang='lat' dir='ltr'>etait</span> <span class='ocrx_word' id='word_1_214' title='bbox 1170 2311 1398 2357; x_wconf 77' lang='lat' dir='ltr'>necessaire,</span> <span class='ocrx_word' id='word_1_215' title='bbox 1415 2310 1469 2346; x_wconf 89' lang='lat' dir='ltr'>les</span> <span class='ocrx_word' id='word_1_216' title='bbox 1483 2310 1636 2347; x_wconf 89' lang='lat' dir='ltr'>conclu-</span> 
     </span>
     <span class='ocr_line' id='line_1_29' title="bbox 222 2362 1633 2417; baseline -0.001 -11"><span class='ocrx_word' id='word_1_217' title='bbox 222 2370 326 2406; x_wconf 88' lang='lat' dir='ltr'>sions</span> <span class='ocrx_word' id='word_1_218' title='bbox 346 2370 392 2405; x_wconf 92' lang='lat' dir='ltr'>de</span> <span class='ocrx_word' id='word_1_219' title='bbox 413 2369 447 2405; x_wconf 87' lang='lat' dir='ltr'>la</span> <span class='ocrx_word' id='word_1_220' title='bbox 469 2374 556 2406; x_wconf 81' lang='lat' dir='ltr'>note</span> <span class='ocrx_word' id='word_1_221' title='bbox 576 2370 729 2417; x_wconf 81' lang='lat' dir='ltr'>publiee</span> <span class='ocrx_word' id='word_1_222' title='bbox 748 2381 815 2416; x_wconf 85' lang='lat' dir='ltr'>par</span> <span class='ocrx_word' id='word_1_223' title='bbox 834 2371 886 2406; x_wconf 94' lang='lat' dir='ltr'>M.</span> <span class='ocrx_word' id='word_1_224' title='bbox 904 2369 943 2406; x_wconf 82' lang='lat' dir='ltr'>S.</span> <span class='ocrx_word' id='word_1_225' title='bbox 962 2370 1065 2406; x_wconf 86' lang='lat' dir='ltr'>Luce</span> <span class='ocrx_word' id='word_1_226' title='bbox 1081 2371 1185 2414; x_wconf 81' lang='lat' dir='ltr'>(Bibl.</span> <span class='ocrx_word' id='word_1_227' title='bbox 1204 2371 1245 2405; x_wconf 83' lang='lat' dir='ltr'>de</span> <span class='ocrx_word' id='word_1_228' title='bbox 1262 2362 1390 2405; x_wconf 74' lang='lat' dir='ltr'>l&#39;Ecole</span> <span class='ocrx_word' id='word_1_229' title='bbox 1405 2371 1464 2404; x_wconf 82' lang='lat' dir='ltr'>des</span> <span class='ocrx_word' id='word_1_230' title='bbox 1480 2371 1633 2413; x_wconf 70' lang='lat' dir='ltr'>chartas,</span> 
     </span>
     <span class='ocr_line' id='line_1_30' title="bbox 222 2427 1638 2476; baseline -0.001 -12"><span class='ocrx_word' id='word_1_231' title='bbox 222 2434 249 2464; x_wconf 85' lang='lat' dir='ltr'>t.</span> <span class='ocrx_word' id='word_1_232' title='bbox 274 2428 469 2474; x_wconf 76' lang='lat' dir='ltr'>XXXVI,</span> <span class='ocrx_word' id='word_1_233' title='bbox 491 2429 613 2464; x_wconf 79' lang='lat' dir='ltr'>annee</span> <span class='ocrx_word' id='word_1_234' title='bbox 636 2429 740 2474; x_wconf 80' lang='lat'>1875,</span> <span class='ocrx_word' id='word_1_235' title='bbox 762 2440 798 2476; x_wconf 93' lang='lat' dir='ltr'>p.</span> <span class='ocrx_word' id='word_1_236' title='bbox 821 2429 902 2475; x_wconf 75' lang='lat'>299)</span> <span class='ocrx_word' id='word_1_237' title='bbox 924 2440 990 2464; x_wconf 88' lang='lat' dir='ltr'>sur</span> <span class='ocrx_word' id='word_1_238' title='bbox 1010 2428 1064 2464; x_wconf 91' lang='lat' dir='ltr'>les</span> <span class='ocrx_word' id='word_1_239' title='bbox 1084 2429 1165 2464; x_wconf 85' lang='lat' dir='ltr'>vols</span> <span class='ocrx_word' id='word_1_240' title='bbox 1194 2428 1244 2464; x_wconf 91' lang='lat' dir='ltr'>du</span> <span class='ocrx_word' id='word_1_241' title='bbox 1275 2428 1349 2465; x_wconf 87' lang='lat' dir='ltr'>duc</span> <span class='ocrx_word' id='word_1_242' title='bbox 1380 2427 1560 2474; x_wconf 83' lang='lat' dir='ltr'>d&#39;Anjou.</span> <span class='ocrx_word' id='word_1_243' title='bbox 1586 2429 1638 2463; x_wconf 87' lang='lat' dir='ltr'>Le</span> 
     </span>
     <span class='ocr_line' id='line_1_31' title="bbox 223 2486 1632 2535; baseline -0.001 -11"><span class='ocrx_word' id='word_1_244' title='bbox 223 2487 424 2535; x_wconf 85' lang='lat' dir='ltr'>Religieux</span> <span class='ocrx_word' id='word_1_245' title='bbox 444 2487 489 2522; x_wconf 92' lang='lat' dir='ltr'>de</span> <span class='ocrx_word' id='word_1_246' title='bbox 510 2487 767 2534; x_wconf 86' lang='lat' dir='ltr'>Saint-Denys</span> <span class='ocrx_word' id='word_1_247' title='bbox 789 2489 828 2526; x_wconf 71' lang='lat' dir='ltr'>lt.</span> <span class='ocrx_word' id='word_1_248' title='bbox 852 2488 881 2533; x_wconf 83' lang='grc' dir='ltr'>Ι,</span> <span class='ocrx_word' id='word_1_249' title='bbox 907 2499 943 2535; x_wconf 88' lang='lat' dir='ltr'>p.</span> <span class='ocrx_word' id='word_1_250' title='bbox 966 2488 1023 2528; x_wconf 70' lang='lat'>28)</span> <span class='ocrx_word' id='word_1_251' title='bbox 1047 2492 1199 2524; x_wconf 79' lang='lat' dir='ltr'>raconte</span> <span class='ocrx_word' id='word_1_252' title='bbox 1220 2498 1293 2535; x_wconf 86' lang='lat' dir='ltr'>que</span> <span class='ocrx_word' id='word_1_253' title='bbox 1315 2487 1348 2523; x_wconf 91' lang='lat' dir='ltr'>le</span> <span class='ocrx_word' id='word_1_254' title='bbox 1369 2487 1442 2522; x_wconf 84' lang='lat' dir='ltr'>due</span> <span class='ocrx_word' id='word_1_255' title='bbox 1463 2486 1632 2533; x_wconf 82' lang='lat' dir='ltr'>d&#39;Anjou</span> 
     </span>
     <span class='ocr_line' id='line_1_32' title="bbox 223 2545 1638 2594; baseline -0.001 -11"><span class='ocrx_word' id='word_1_256' title='bbox 223 2557 263 2583; x_wconf 92' lang='lat' dir='ltr'>se</span> <span class='ocrx_word' id='word_1_257' title='bbox 292 2546 334 2582; x_wconf 81' lang='lat' dir='ltr'>fit</span> <span class='ocrx_word' id='word_1_258' title='bbox 362 2545 540 2593; x_wconf 87' lang='lat' dir='ltr'>indiquer</span> <span class='ocrx_word' id='word_1_259' title='bbox 568 2556 635 2592; x_wconf 86' lang='lat' dir='ltr'>par</span> <span class='ocrx_word' id='word_1_260' title='bbox 664 2546 841 2594; x_wconf 87' lang='lat' dir='ltr'>Philippe</span> <span class='ocrx_word' id='word_1_261' title='bbox 870 2547 916 2583; x_wconf 88' lang='lat' dir='ltr'>de</span> <span class='ocrx_word' id='word_1_262' title='bbox 948 2547 1123 2594; x_wconf 86' lang='lat' dir='ltr'>Savoisy,</span> <span class='ocrx_word' id='word_1_263' title='bbox 1151 2546 1243 2593; x_wconf 87' lang='lat' dir='ltr'>qu’il</span> <span class='ocrx_word' id='word_1_264' title='bbox 1264 2558 1288 2593; x_wconf 77' lang='lat' dir='ltr'><strong>y</strong></span> <span class='ocrx_word' id='word_1_265' title='bbox 1309 2545 1541 2592; x_wconf 83' lang='lat' dir='ltr'>contraignit</span> <span class='ocrx_word' id='word_1_266' title='bbox 1572 2557 1638 2591; x_wconf 84' lang='lat' dir='ltr'>par</span> 
     </span>
     <span class='ocr_line' id='line_1_33' title="bbox 223 2604 1638 2651; baseline -0.001 -9"><span class='ocrx_word' id='word_1_267' title='bbox 223 2616 414 2651; x_wconf 84' lang='lat' dir='ltr'>menaces,</span> <span class='ocrx_word' id='word_1_268' title='bbox 434 2605 487 2641; x_wconf 91' lang='lat' dir='ltr'>les</span> <span class='ocrx_word' id='word_1_269' title='bbox 507 2604 728 2641; x_wconf 82' lang='lat' dir='ltr'>differentes</span> <span class='ocrx_word' id='word_1_270' title='bbox 754 2606 947 2642; x_wconf 86' lang='lat' dir='ltr'>cachettes</span> <span class='ocrx_word' id='word_1_271' title='bbox 967 2609 1016 2643; x_wconf 76' lang='lat' dir='ltr'>ou</span> <span class='ocrx_word' id='word_1_272' title='bbox 1038 2605 1195 2642; x_wconf 87' lang='lat' dir='ltr'>Charles</span> <span class='ocrx_word' id='word_1_273' title='bbox 1220 2605 1252 2640; x_wconf 93' lang='lat' dir='ltr'>V</span> <span class='ocrx_word' id='word_1_274' title='bbox 1274 2605 1377 2642; x_wconf 79' lang='lat' dir='ltr'>avait</span> <span class='ocrx_word' id='word_1_275' title='bbox 1404 2604 1473 2640; x_wconf 84' lang='lat' dir='ltr'>fait</span> <span class='ocrx_word' id='word_1_276' title='bbox 1501 2610 1638 2641; x_wconf 84' lang='lat' dir='ltr'>mettre</span> 
     </span>
     <span class='ocr_line' id='line_1_34' title="bbox 222 2662 1633 2712; baseline -0.001 -12"><span class='ocrx_word' id='word_1_277' title='bbox 222 2675 281 2700; x_wconf 90' lang='lat' dir='ltr'>ses</span> <span class='ocrx_word' id='word_1_278' title='bbox 301 2665 453 2700; x_wconf 78' lang='lat' dir='ltr'>tresors.</span> <span class='ocrx_word' id='word_1_279' title='bbox 473 2664 525 2700; x_wconf 91' lang='lat' dir='ltr'>Le</span> <span class='ocrx_word' id='word_1_280' title='bbox 539 2663 614 2700; x_wconf 91' lang='lat' dir='ltr'>duc</span> <span class='ocrx_word' id='word_1_281' title='bbox 634 2662 799 2712; x_wconf 90' lang='lat' dir='ltr'>d’Anjou</span> <span class='ocrx_word' id='word_1_282' title='bbox 820 2664 937 2712; x_wconf 82' lang='lat' dir='ltr'>partit</span> <span class='ocrx_word' id='word_1_283' title='bbox 955 2664 1003 2700; x_wconf 90' lang='lat' dir='ltr'>de</span> <span class='ocrx_word' id='word_1_284' title='bbox 1023 2664 1132 2700; x_wconf 87' lang='lat' dir='ltr'>Paris</span> <span class='ocrx_word' id='word_1_285' title='bbox 1153 2674 1248 2710; x_wconf 88' lang='lat' dir='ltr'>pour</span> <span class='ocrx_word' id='word_1_286' title='bbox 1269 2662 1447 2710; x_wconf 78' lang='lat' dir='ltr'>Avignon</span> <span class='ocrx_word' id='word_1_287' title='bbox 1467 2673 1516 2698; x_wconf 87' lang='lat' dir='ltr'>au</span> <span class='ocrx_word' id='word_1_288' title='bbox 1534 2672 1633 2698; x_wconf 87' lang='lat' dir='ltr'>com-</span> 
     </span>
     <span class='ocr_line' id='line_1_35' title="bbox 222 2722 1162 2770; baseline -0.003 -10"><span class='ocrx_word' id='word_1_289' title='bbox 222 2730 462 2760; x_wconf 75' lang='lat' dir='ltr'>mencement</span> <span class='ocrx_word' id='word_1_290' title='bbox 484 2722 533 2759; x_wconf 90' lang='lat' dir='ltr'>du</span> <span class='ocrx_word' id='word_1_291' title='bbox 555 2723 654 2760; x_wconf 89' lang='lat' dir='ltr'>mois</span> <span class='ocrx_word' id='word_1_292' title='bbox 674 2723 720 2760; x_wconf 91' lang='lat' dir='ltr'>de</span> <span class='ocrx_word' id='word_1_293' title='bbox 740 2723 877 2760; x_wconf 73' lang='lat' dir='ltr'>fevi-ier</span> <span class='ocrx_word' id='word_1_294' title='bbox 898 2724 988 2761; x_wconf 71' lang='lat'><strong>1382</strong></span> <span class='ocrx_word' id='word_1_295' title='bbox 1011 2724 1062 2770; x_wconf 89' lang='lat' dir='ltr'>(n.</span> <span class='ocrx_word' id='word_1_296' title='bbox 1086 2727 1162 2769; x_wconf 82' lang='lat' dir='ltr'>st.).</span> 
     </span>
    </p>
   </div>
  </div>
 </body>
</html>
