1941 3294
207 253 310 301 1382]
475 256 846 290 GHRONOGRAPHIA
871 256 1024 289 REGUM
1048 255 1328 287 FRANCORUM.
1561 252 1606 289 23

204 336 333 383 missi
369 353 427 383 ex
463 340 595 399 parte
630 335 754 399 regis
789 334 847 382 ad
885 334 1165 399 colligendas
1203 333 1525 397 impositiones
1562 340 1609 381 et

204 412 373 460 auxilia
397 411 611 475 superius
646 411 870 474 explicata
903 428 952 459 se
978 410 1284 474 disponerent
1308 410 1367 458 ad
1399 427 1451 457 ea
1483 410 1610 457 colli-

204 488 356 553 genda
379 488 426 535 in
451 488 568 535 fallis
594 487 795 534 Parisius
826 494 872 535 et
896 487 1157 551 specialiter
1182 503 1325 550 super
1349 486 1611 534 naturcium

206 572 252 614 et
272 565 477 620 bladum,
502 570 547 611 et
564 570 759 627 propter
774 564 863 611 hoc
881 564 1146 611 communia
1166 569 1452 620 moveretur,
1473 562 1612 610 occisi

206 648 315 690 sunt
355 659 380 688 a
418 640 697 704 quibusdam
731 640 980 705 juvenibus
1018 640 1201 688 famulis
1238 646 1283 687 et
1325 639 1613 703 pauperibus

204 718 470 766 hominibus
506 717 720 765 civitatis.
767 720 866 776 Quo
907 718 1046 774 facto,
1092 718 1248 765 statim
1288 734 1338 764 se
1382 716 1614 763 coaduna-

204 800 374 842 verunt
410 795 457 841 in
493 793 681 857 copiosa
718 794 1014 842 multitudine
1050 800 1097 841 et
1138 809 1244 841 cum
1287 810 1337 841 se
1372 799 1616 840 cernerent

203 871 248 918 in
283 887 478 918 numero
515 877 717 933 quatuor
751 871 929 918 milium
960 870 1203 918 hominum
1237 875 1545 934 congregatos
1570 875 1616 916 et

204 947 420 1010 amplius,
450 947 586 994 simul
621 946 836 994 abierunt
869 947 916 994 in
951 947 1184 1004 Graviam,
1213 953 1444 1010 ruptaque
1473 947 1616 994 domo

205 1023 312 1070 ville
333 1039 386 1070 ac
405 1023 605 1086 repertis
625 1023 798 1071 ibidem
820 1023 909 1087 xij³¹
927 1023 1103 1070 malleis
1125 1023 1357 1086 plumbeis
1377 1022 1458 1086 qui
1483 1028 1617 1069 antea

205 1115 292 1163 per
313 1099 373 1163 iiij
400 1116 546 1147 annos
569 1099 676 1146 facti
701 1099 883 1147 fuerant
898 1100 929 1156 ¹,
951 1099 1166 1162 protinus
1185 1099 1314 1162 ipsos
1338 1103 1618 1162 acceperunt

206 1181 252 1222 et
270 1175 379 1223 inde
404 1176 629 1224 abeuntes
645 1176 704 1224 ad
722 1175 888 1223 domos
908 1175 1163 1224 Judeorum
1182 1175 1394 1238 pluribus
1413 1175 1611 1231 vicibus,

205 1251 475 1299 occiderunt
501 1268 560 1299 ex
584 1251 651 1298 eis
676 1251 771 1298 fere
798 1251 1053 1307 sexdecim,
1080 1257 1175 1298 tam
1208 1250 1449 1298 hominum
1475 1267 1616 1313 quam

204 1327 451 1375 mulierum
488 1334 534 1375 et
568 1328 812 1384 infantum,
848 1327 1029 1390 illisque
1065 1327 1242 1374 malleis
1273 1335 1538 1390 rupperunt
1570 1333 1617 1375 et

205 1403 576 1451 dilaceraverunt
602 1404 771 1451 domus
794 1420 958 1451 eorum
989 1420 1044 1451 ac
1076 1420 1242 1451 eorum
1274 1404 1398 1451 bona
1429 1403 1616 1467 penitus

204 1481 504 1544 rapuerunt?

269 1559 433 1604 Postea
452 1557 661 1621 aggressi
682 1562 788 1605 sunt
807 1556 1000 1605 domum
1019 1556 1238 1620 Nicholay
1256 1556 1461 1613 Pitouce,
1483 1563 1616 1605 nota-

204 1633 261 1680 rii
286 1633 344 1681 de
370 1634 630 1690 Castelleto,
659 1634 739 1697 qui
775 1634 903 1697 prius
928 1639 1141 1682 tenuerat
1167 1634 1388 1681 scrinium
1414 1634 1472 1681 de
1504 1637 1617 1683 Gra-

204 1707 276 1755 via
297 1714 344 1756 et
362 1709 532 1756 iterum
550 1709 608 1757 de
628 1726 752 1756 novo
771 1715 977 1773 ceperat,
997 1709 1077 1757 ubi
1096 1709 1447 1773 reponebantur
1465 1710 1616 1773 impo-

203 1862 452 1897 ordonnances
480 1863 539 1897 des
569 1862 643 1896 rois
669 1862 710 1896 de
729 1862 878 1904 France,
903 1866 931 1897 t.
955 1861 1025 1907 VI,
1047 1872 1083 1908 p.
1106 1861 1174 1898 685
1188 1874 1196 1905 ;
1227 1861 1274 1898 cf.
1298 1862 1494 1899 Eustache
1516 1862 1614 1899 Des-

202 1919 376 1966 champs,
397 1918 546 1955 ballade
575 1930 762 1964 cccnxmx,
783 1924 811 1954 t.
834 1918 906 1965 ΙΙΙ,
929 1931 964 1966 p.
990 1919 1055 1955 139
1083 1919 1129 1955 de
1156 1919 1328 1956 l'edition
1356 1919 1424 1956 des
1456 1921 1614 1957 OEuvres

201 1979 384 2022 completas
399 1978 611 2013 d’Eustache
630 1978 856 2023 Deschamps,
874 1988 944 2025 par
964 1977 998 2014 le
1013 1977 1186 2025 marquis
1201 1978 1247 2014 de
1263 1978 1402 2023 Queux
1418 1978 1463 2016 de
1481 1979 1613 2016 Saint-

202 2036 376 2082 Hilaire).

252 2096 285 2132 1.
308 2095 381 2132 Ces
401 2095 537 2131 details
558 2105 607 2132 ne
629 2106 668 2133 se
688 2101 869 2133 trouvent
888 2106 953 2143 pas
974 2095 1070 2132 dans
1087 2095 1123 2132 la
1139 2097 1347 2142 Chronique
1361 2099 1412 2133 du
1427 2099 1615 2143 Relz'yieux

202 2155 244 2188 de
267 2153 516 2200 Saint-Denys
538 2157 577 2199 (t.
600 2154 632 2201 Ι,
653 2166 690 2202 p.
715 2155 808 2199 138).
833 2155 888 2191 La
913 2157 1037 2191 Partz'e
1066 2157 1201 2191 incidite
1230 2157 1288 2191 des
1320 2156 1545 2201 chroniques
1571 2159 1613 2192 de

202 2212 461 2257 Saint-Dem's,
490 2213 642 2259 publice
675 2225 744 2260 par
771 2213 804 2249 le
834 2213 954 2250 baron
982 2213 1153 2259 Pichon,
1180 2213 1308 2250 donne
1340 2214 1372 2250 le
1405 2215 1538 2251 chiffre
1568 2215 1613 2252 de

205 2284 219 2304 α
243 2279 288 2306 11³1
308 2270 458 2307 mailles
486 2271 532 2308 de
558 2272 686 2319 plomb
710 2286 724 2306 ›
751 2274 797 2320 (p.
822 2272 868 2318 3).
895 2272 944 2309 Le
966 2272 1063 2309 recit
1084 2272 1128 2308 de
1151 2273 1343 2310 Froissart
1371 2279 1430 2310 est
1455 2274 1610 2311 absolu-

201 2334 310 2366 ment
329 2329 553 2366 insuffisant
577 2330 644 2375 (ed.
668 2331 828 2378 Kervyn
848 2331 894 2367 de
915 2331 1169 2378 Lettenhove,
1192 2336 1219 2367 t.
1242 2332 1294 2377 X,
1315 2344 1350 2379 p.
1377 2333 1445 2376 14).

247 2389 280 2424 2.
305 2388 408 2424 Pour
427 2388 509 2425 ceci
531 2400 681 2425 comme
701 2401 798 2436 pour
818 2401 860 2426 ce
880 2390 945 2437 qui
967 2390 1058 2436 suit,
1074 2390 1111 2426 la
1129 2392 1338 2436 Chronique
1358 2393 1408 2427 du
1425 2393 1610 2437 Reltqieuoe

198 2453 257 2483 est
277 2453 362 2484 tout
383 2447 405 2483 a
426 2447 493 2484 fait
513 2447 759 2495 incomplete.
783 2449 836 2485 Ce
858 2449 956 2485 n’est
982 2460 1050 2496 pas
1078 2449 1295 2486 seulement
1315 2449 1337 2485 a
1360 2450 1469 2485 Paris
1493 2450 1608 2497 qu’on

198 2506 403 2553 persecuta
422 2506 476 2542 les
495 2506 595 2542 Juifs
615 2519 622 2542 :
646 2507 669 2542 a
690 2507 854 2553 Mantes,
876 2508 922 2543 ils
940 2522 955 2542 «ι
973 2508 1102 2544 furont
1122 2508 1308 2545 triboulez
1330 2514 1367 2545 et
1389 2509 1573 2545 molestez
1590 2523 1605 2542 »

200 2575 350 2601 comme
371 2565 393 2600 a
415 2565 547 2611 Paris3
569 2565 655 2612 plus
678 2565 756 2602 loin
777 2577 930 2611 encore,
953 2578 1003 2603 on
1024 2566 1248 2614 depouillait
1268 2578 1334 2602 sur
1354 2567 1410 2602 les
1431 2567 1608 2603 chemins

201 2634 298 2660 ceux
317 2624 382 2671 qui
404 2624 660 2671 s’enfuyaient
681 2625 820 2670 (Donet
840 2625 995 2672 d'Arcq,
1017 2626 1130 2662 Ghoz'oe
1149 2627 1191 2661 de
1208 2627 1322 2671 pieres
1345 2627 1494 2662 ine'dites
1515 2629 1608 2663 rela-

203 2684 290 2718 tives
309 2693 360 2718 au
380 2684 488 2728 reque
508 2684 549 2718 de
572 2683 720 2720 charles
748 2685 804 2725 Vl,
826 2688 852 2719 t.
877 2683 908 2729 I,
930 2695 965 2731 p.
990 2683 1049 2729 43,
1071 2683 1114 2720 45
1135 2689 1173 2719 et
1194 2683 1264 2726 57).
