<?xml version="1.0" encoding="UTF-8"?>
<!DOCTYPE html PUBLIC "-//W3C//DTD XHTML 1.0 Transitional//EN"
    "http://www.w3.org/TR/xhtml1/DTD/xhtml1-transitional.dtd">
<html xmlns="http://www.w3.org/1999/xhtml" xml:lang="en" lang="en">
 <head>
  <title>
</title>
<meta http-equiv="Content-Type" content="text/html;charset=utf-8" />
  <meta name='ocr-system' content='tesseract 3.04.00' />
  <meta name='ocr-capabilities' content='ocr_page ocr_carea ocr_par ocr_line ocrx_word'/>
</head>
<body>
  <div class='ocr_page' id='page_1' title='image "./chronographiareg03mora_0240.png"; bbox 0 0 1941 3294; ppageno 0'>
   <div class='ocr_carea' id='block_1_1' title="bbox 314 319 1714 367">
    <p class='ocr_par' dir='ltr' id='par_1_1' title="bbox 314 319 1714 367">
     <span class='ocr_line' id='line_1_1' title="bbox 314 319 1714 367; baseline -0.001 -9"><span class='ocrx_word' id='word_1_1' title='bbox 314 323 378 359; x_wconf 82' lang='grc'><strong>178</strong></span> <span class='ocrx_word' id='word_1_2' title='bbox 583 323 953 357; x_wconf 82' lang='lat' dir='ltr'>CHRONOGRAPHIA</span> <span class='ocrx_word' id='word_1_3' title='bbox 980 322 1133 355; x_wconf 87' lang='lat' dir='ltr'>REGUM</span> <span class='ocrx_word' id='word_1_4' title='bbox 1157 323 1436 356; x_wconf 79' lang='lat' dir='ltr'><strong>FRANCORUM.</strong></span> <span class='ocrx_word' id='word_1_5' title='bbox 1608 319 1714 367; x_wconf 79' lang='grc'><strong>[1399</strong></span> 
     </span>
    </p>
   </div>
   <div class='ocr_carea' id='block_1_2' title="bbox 293 401 1715 2613">
    <p class='ocr_par' dir='ltr' id='par_1_2' title="bbox 304 401 1715 1079">
     <span class='ocr_line' id='line_1_2' title="bbox 310 401 1709 468; baseline -0.001 -17"><span class='ocrx_word' id='word_1_6' title='bbox 310 404 471 452; x_wconf 88' lang='lat' dir='ltr'><strong>matris</strong></span> <span class='ocrx_word' id='word_1_7' title='bbox 496 404 612 468; x_wconf 90' lang='lat' dir='ltr'><strong>ejus,</strong></span> <span class='ocrx_word' id='word_1_8' title='bbox 641 403 858 468; x_wconf 85' lang='lat' dir='ltr'><strong>regisque</strong></span> <span class='ocrx_word' id='word_1_9' title='bbox 884 401 1098 449; x_wconf 84' lang='lat' dir='ltr'><strong>Richardi</strong></span> <span class='ocrx_word' id='word_1_10' title='bbox 1123 408 1170 450; x_wconf 89' lang='lat' dir='ltr'><strong>et</strong></span> <span class='ocrx_word' id='word_1_11' title='bbox 1195 402 1373 467; x_wconf 83' lang='lat' dir='ltr'><strong>regine,</strong></span> <span class='ocrx_word' id='word_1_12' title='bbox 1407 402 1567 449; x_wconf 78' lang='lat' dir='ltr'><strong>uxoris</strong></span> <span class='ocrx_word' id='word_1_13' title='bbox 1591 403 1709 467; x_wconf 86' lang='lat' dir='ltr'><strong>ejus,</strong></span> 
     </span>
     <span class='ocr_line' id='line_1_3' title="bbox 308 478 1714 545; baseline -0.001 -17"><span class='ocrx_word' id='word_1_14' title='bbox 308 499 333 528; x_wconf 92' lang='lat' dir='ltr'><strong>a</strong></span> <span class='ocrx_word' id='word_1_15' title='bbox 358 482 576 545; x_wconf 83' lang='lat' dir='ltr'><strong>gentibus</strong></span> <span class='ocrx_word' id='word_1_16' title='bbox 603 481 708 527; x_wconf 85' lang='lat' dir='ltr'><strong>novi</strong></span> <span class='ocrx_word' id='word_1_17' title='bbox 742 480 864 543; x_wconf 81' lang='lat' dir='ltr'><strong>regis</strong></span> <span class='ocrx_word' id='word_1_18' title='bbox 890 478 1115 535; x_wconf 89' lang='lat' dir='ltr'><strong>Henrrici,</strong></span> <span class='ocrx_word' id='word_1_19' title='bbox 1144 479 1288 526; x_wconf 85' lang='lat' dir='ltr'><strong>abbas</strong></span> <span class='ocrx_word' id='word_1_20' title='bbox 1312 480 1714 527; x_wconf 89' lang='lat' dir='ltr'><strong>Westmonasterii</strong></span> 
     </span>
     <span class='ocr_line' id='line_1_4' title="bbox 308 555 1713 620; baseline -0.001 -16"><span class='ocrx_word' id='word_1_21' title='bbox 308 559 440 620; x_wconf 88' lang='lat' dir='ltr'><strong>petiit</strong></span> <span class='ocrx_word' id='word_1_22' title='bbox 467 558 648 620; x_wconf 86' lang='lat' dir='ltr'><strong>prefato</strong></span> <span class='ocrx_word' id='word_1_23' title='bbox 675 557 775 620; x_wconf 83' lang='lat' dir='ltr'><strong>regi</strong></span> <span class='ocrx_word' id='word_1_24' title='bbox 806 555 1032 602; x_wconf 87' lang='lat' dir='ltr'><strong>Henrrico</strong></span> <span class='ocrx_word' id='word_1_25' title='bbox 1057 555 1184 618; x_wconf 93' lang='lat' dir='ltr'><strong>quod</strong></span> <span class='ocrx_word' id='word_1_26' title='bbox 1213 556 1301 602; x_wconf 88' lang='lat' dir='ltr'><strong>sibi</strong></span> <span class='ocrx_word' id='word_1_27' title='bbox 1334 555 1632 603; x_wconf 78' lang='lat' dir='ltr'><strong>traderentur</strong></span> <span class='ocrx_word' id='word_1_28' title='bbox 1655 556 1713 602; x_wconf 92' lang='lat' dir='ltr'><strong>ad</strong></span> 
     </span>
     <span class='ocr_line' id='line_1_5' title="bbox 309 631 1715 695; baseline -0.001 -14"><span class='ocrx_word' id='word_1_29' title='bbox 309 634 667 682; x_wconf 89' lang='lat' dir='ltr'><strong>custodiendum</strong></span> <span class='ocrx_word' id='word_1_30' title='bbox 705 632 901 695; x_wconf 90' lang='lat' dir='ltr'><strong>pretacti</strong></span> <span class='ocrx_word' id='word_1_31' title='bbox 941 631 1209 680; x_wconf 85' lang='lat' dir='ltr'><strong>Waldanius</strong></span> <span class='ocrx_word' id='word_1_32' title='bbox 1252 632 1630 695; x_wconf 83' lang='lat' dir='ltr'><strong>archiepiscopus</strong></span> <span class='ocrx_word' id='word_1_33' title='bbox 1668 638 1715 680; x_wconf 86' lang='lat' dir='ltr'><strong>et</strong></span> 
     </span>
     <span class='ocr_line' id='line_1_6' title="bbox 307 708 1715 774; baseline -0.002 -16"><span class='ocrx_word' id='word_1_34' title='bbox 307 712 556 774; x_wconf 89' lang='lat' dir='ltr'><strong>episcopus</strong></span> <span class='ocrx_word' id='word_1_35' title='bbox 598 708 917 759; x_wconf 90' lang='lat' dir='ltr'><strong>Carleonensis</strong></span> <span class='ocrx_word' id='word_1_36' title='bbox 963 715 1010 754; x_wconf 90' lang='lat' dir='ltr'><strong>et</strong></span> <span class='ocrx_word' id='word_1_37' title='bbox 1055 709 1399 772; x_wconf 76' lang='lat' dir='ltr'><strong>Magdalenus¹‚</strong></span> <span class='ocrx_word' id='word_1_38' title='bbox 1451 709 1715 772; x_wconf 82' lang='lat' dir='ltr'><strong>capellanus</strong></span> 
     </span>
     <span class='ocr_line' id='line_1_7' title="bbox 307 784 1714 851; baseline -0.001 -16"><span class='ocrx_word' id='word_1_39' title='bbox 307 788 506 835; x_wconf 85' lang='lat' dir='ltr'><strong>condam</strong></span> <span class='ocrx_word' id='word_1_40' title='bbox 532 788 655 851; x_wconf 82' lang='lat' dir='ltr'><strong>regis</strong></span> <span class='ocrx_word' id='word_1_41' title='bbox 681 784 896 833; x_wconf 86' lang='lat' dir='ltr'><strong>Richardi</strong></span> <span class='ocrx_word' id='word_1_42' title='bbox 923 790 969 831; x_wconf 92' lang='lat' dir='ltr'><strong>et</strong></span> <span class='ocrx_word' id='word_1_43' title='bbox 995 784 1080 831; x_wconf 91' lang='lat' dir='ltr'><strong>sibi</strong></span> <span class='ocrx_word' id='word_1_44' title='bbox 1109 785 1222 832; x_wconf 88' lang='lat' dir='ltr'><strong>facie</strong></span> <span class='ocrx_word' id='word_1_45' title='bbox 1248 786 1527 842; x_wconf 92' lang='lat' dir='ltr'><strong>simillimus,</strong></span> <span class='ocrx_word' id='word_1_46' title='bbox 1556 791 1602 832; x_wconf 84' lang='lat' dir='ltr'><strong>et</strong></span> <span class='ocrx_word' id='word_1_47' title='bbox 1627 785 1714 833; x_wconf 92' lang='lat' dir='ltr'><strong>sub</strong></span> 
     </span>
     <span class='ocr_line' id='line_1_8' title="bbox 305 861 1715 926; baseline -0.002 -15"><span class='ocrx_word' id='word_1_48' title='bbox 305 881 426 926; x_wconf 89' lang='lat' dir='ltr'><strong>pena</strong></span> <span class='ocrx_word' id='word_1_49' title='bbox 446 862 707 910; x_wconf 89' lang='lat' dir='ltr'><strong>amissionis</strong></span> <span class='ocrx_word' id='word_1_50' title='bbox 728 861 941 924; x_wconf 86' lang='lat' dir='ltr'><strong>corporis</strong></span> <span class='ocrx_word' id='word_1_51' title='bbox 962 861 1030 907; x_wconf 90' lang='lat' dir='ltr'><strong>sui</strong></span> <span class='ocrx_word' id='word_1_52' title='bbox 1050 877 1132 907; x_wconf 91' lang='lat' dir='ltr'><strong>eos</strong></span> <span class='ocrx_word' id='word_1_53' title='bbox 1155 862 1332 925; x_wconf 89' lang='lat' dir='ltr'><strong>optime</strong></span> <span class='ocrx_word' id='word_1_54' title='bbox 1353 878 1406 909; x_wconf 92' lang='lat' dir='ltr'><strong>ac</strong></span> <span class='ocrx_word' id='word_1_55' title='bbox 1426 877 1590 909; x_wconf 86' lang='lat' dir='ltr'><strong>secure</strong></span> <span class='ocrx_word' id='word_1_56' title='bbox 1611 877 1715 909; x_wconf 90' lang='lat' dir='ltr'><strong>cus-</strong></span> 
     </span>
     <span class='ocr_line' id='line_1_9' title="bbox 304 938 1715 1002; baseline 0 -16"><span class='ocrx_word' id='word_1_57' title='bbox 304 940 478 987; x_wconf 87' lang='lat' dir='ltr'><strong>todiret</strong></span> <span class='ocrx_word' id='word_1_58' title='bbox 512 938 734 1002; x_wconf 86' lang='lat' dir='ltr'><strong>quamdiu</strong></span> <span class='ocrx_word' id='word_1_59' title='bbox 761 938 849 985; x_wconf 88' lang='lat' dir='ltr'><strong>sibi</strong></span> <span class='ocrx_word' id='word_1_60' title='bbox 874 938 1096 1001; x_wconf 84' lang='lat' dir='ltr'><strong>placeret,</strong></span> <span class='ocrx_word' id='word_1_61' title='bbox 1136 943 1183 985; x_wconf 90' lang='lat' dir='ltr'><strong>et</strong></span> <span class='ocrx_word' id='word_1_62' title='bbox 1218 938 1439 986; x_wconf 87' lang='lat' dir='ltr'><strong>redderet</strong></span> <span class='ocrx_word' id='word_1_63' title='bbox 1469 938 1715 1001; x_wconf 89' lang='lat' dir='ltr'><strong>quociens-</strong></span> 
     </span>
     <span class='ocr_line' id='line_1_10' title="bbox 304 1016 682 1079; baseline -0.005 -16"><span class='ocrx_word' id='word_1_64' title='bbox 304 1032 505 1079; x_wconf 86' lang='lat' dir='ltr'><strong>cumque</strong></span> <span class='ocrx_word' id='word_1_65' title='bbox 524 1016 682 1063; x_wconf 89' lang='lat' dir='ltr'><strong>vellet.</strong></span> 
     </span>
    </p>

    <p class='ocr_par' dir='ltr' id='par_1_3' title="bbox 294 1090 1714 2154">
     <span class='ocr_line' id='line_1_11' title="bbox 366 1090 1714 1155; baseline 0.001 -17"><span class='ocrx_word' id='word_1_66' title='bbox 366 1095 422 1138; x_wconf 87' lang='lat' dir='ltr'><strong>Et</strong></span> <span class='ocrx_word' id='word_1_67' title='bbox 452 1092 527 1138; x_wconf 89' lang='lat' dir='ltr'><strong>tali</strong></span> <span class='ocrx_word' id='word_1_68' title='bbox 556 1098 692 1155; x_wconf 87' lang='lat' dir='ltr'><strong>pacto</strong></span> <span class='ocrx_word' id='word_1_69' title='bbox 724 1107 836 1155; x_wconf 85' lang='lat' dir='ltr'><strong>rege</strong></span> <span class='ocrx_word' id='word_1_70' title='bbox 860 1090 945 1137; x_wconf 85' lang='lat' dir='ltr'><strong>sibi</strong></span> <span class='ocrx_word' id='word_1_71' title='bbox 973 1097 1224 1146; x_wconf 90' lang='lat' dir='ltr'><strong>annuente,</strong></span> <span class='ocrx_word' id='word_1_72' title='bbox 1258 1097 1305 1138; x_wconf 87' lang='lat' dir='ltr'><strong>et</strong></span> <span class='ocrx_word' id='word_1_73' title='bbox 1337 1108 1417 1138; x_wconf 92' lang='lat' dir='ltr'><strong>eos</strong></span> <span class='ocrx_word' id='word_1_74' title='bbox 1447 1091 1493 1138; x_wconf 92' lang='lat' dir='ltr'><strong>in</strong></span> <span class='ocrx_word' id='word_1_75' title='bbox 1525 1108 1714 1139; x_wconf 90' lang='lat' dir='ltr'><strong>monas-</strong></span> 
     </span>
     <span class='ocr_line' id='line_1_12' title="bbox 302 1167 1714 1231; baseline -0.001 -15"><span class='ocrx_word' id='word_1_76' title='bbox 302 1171 420 1216; x_wconf 89' lang='lat' dir='ltr'><strong>terio</strong></span> <span class='ocrx_word' id='word_1_77' title='bbox 448 1185 533 1216; x_wconf 90' lang='lat' dir='ltr'><strong>suo</strong></span> <span class='ocrx_word' id='word_1_78' title='bbox 568 1169 796 1216; x_wconf 88' lang='lat' dir='ltr'><strong>adductos</strong></span> <span class='ocrx_word' id='word_1_79' title='bbox 824 1168 912 1215; x_wconf 88' lang='lat' dir='ltr'><strong>sibi</strong></span> <span class='ocrx_word' id='word_1_80' title='bbox 943 1167 1175 1223; x_wconf 80' lang='lat' dir='ltr'><strong>tradente,</strong></span> <span class='ocrx_word' id='word_1_81' title='bbox 1212 1167 1516 1231; x_wconf 88' lang='lat' dir='ltr'><strong>postmodum</strong></span> <span class='ocrx_word' id='word_1_82' title='bbox 1547 1168 1714 1216; x_wconf 88' lang='lat' dir='ltr'><strong>accidit</strong></span> 
     </span>
     <span class='ocr_line' id='line_1_13' title="bbox 301 1244 1713 1310; baseline 0 -18"><span class='ocrx_word' id='word_1_83' title='bbox 301 1246 421 1293; x_wconf 86' lang='lat' dir='ltr'><strong>circa</strong></span> <span class='ocrx_word' id='word_1_84' title='bbox 446 1245 601 1310; x_wconf 65' lang='lat' dir='ltr'><strong>xviijam</strong></span> <span class='ocrx_word' id='word_1_85' title='bbox 628 1245 753 1291; x_wconf 89' lang='lat' dir='ltr'><strong>diem</strong></span> <span class='ocrx_word' id='word_1_86' title='bbox 775 1244 1039 1292; x_wconf 89' lang='lat' dir='ltr'><strong>decembris</strong></span> <span class='ocrx_word' id='word_1_87' title='bbox 1060 1244 1328 1292; x_wconf 81' lang='lat' dir='ltr'><strong>immediate</strong></span> <span class='ocrx_word' id='word_1_88' title='bbox 1348 1246 1586 1308; x_wconf 84' lang='lat' dir='ltr'><strong>sequentis</strong></span> <span class='ocrx_word' id='word_1_89' title='bbox 1605 1245 1713 1292; x_wconf 88' lang='lat' dir='ltr'><strong>anni</strong></span> 
     </span>
     <span class='ocr_line' id='line_1_14' title="bbox 301 1320 1709 1385; baseline -0.001 -16"><span class='ocrx_word' id='word_1_90' title='bbox 301 1322 537 1385; x_wconf 87' lang='lat' dir='ltr'><strong>prenotati</strong></span> <span class='ocrx_word' id='word_1_91' title='bbox 586 1321 630 1369; x_wconf 81' lang='lat' dir='ltr'><strong>Mi</strong></span> <span class='ocrx_word' id='word_1_92' title='bbox 662 1321 762 1370; x_wconf 80' lang='lat' dir='ltr'><strong>CCCi</strong></span> <span class='ocrx_word' id='word_1_93' title='bbox 795 1320 1039 1369; x_wconf 72' lang='lat' dir='ltr'><strong>LXXXXIXni</strong></span> <span class='ocrx_word' id='word_1_94' title='bbox 1086 1322 1214 1384; x_wconf 93' lang='lat' dir='ltr'><strong>quod</strong></span> <span class='ocrx_word' id='word_1_95' title='bbox 1264 1321 1407 1369; x_wconf 90' lang='lat' dir='ltr'><strong>duces</strong></span> <span class='ocrx_word' id='word_1_96' title='bbox 1452 1321 1709 1377; x_wconf 88' lang='lat' dir='ltr'><strong>Excestrie,</strong></span> 
     </span>
     <span class='ocr_line' id='line_1_15' title="bbox 300 1397 1706 1456; baseline -0.001 -10"><span class='ocrx_word' id='word_1_97' title='bbox 300 1399 589 1455; x_wconf 84' lang='lat' dir='ltr'><strong>Sudriensis,</strong></span> <span class='ocrx_word' id='word_1_98' title='bbox 647 1415 805 1446; x_wconf 86' lang='lat' dir='ltr'><strong>comes</strong></span> <span class='ocrx_word' id='word_1_99' title='bbox 854 1398 1261 1453; x_wconf 89' lang='lat' dir='ltr'><strong>Hontintonensis,</strong></span> <span class='ocrx_word' id='word_1_100' title='bbox 1316 1414 1474 1445; x_wconf 90' lang='lat' dir='ltr'><strong>comes</strong></span> <span class='ocrx_word' id='word_1_101' title='bbox 1518 1397 1706 1456; x_wconf 85' lang='lat' dir='ltr'><strong>Quenti,</strong></span> 
     </span>
     <span class='ocr_line' id='line_1_16' title="bbox 300 1473 1714 1537; baseline -0.001 -15"><span class='ocrx_word' id='word_1_102' title='bbox 300 1476 571 1530; x_wconf 87' lang='lat' dir='ltr'><strong>Albemalle,</strong></span> <span class='ocrx_word' id='word_1_103' title='bbox 601 1491 760 1522; x_wconf 91' lang='lat' dir='ltr'><strong>comes</strong></span> <span class='ocrx_word' id='word_1_104' title='bbox 794 1474 1071 1530; x_wconf 88' lang='lat' dir='ltr'><strong>Rotbeland,</strong></span> <span class='ocrx_word' id='word_1_105' title='bbox 1102 1474 1389 1537; x_wconf 86' lang='lat' dir='ltr'><strong>comitesque</strong></span> <span class='ocrx_word' id='word_1_106' title='bbox 1421 1473 1714 1523; x_wconf 90' lang='lat' dir='ltr'><strong>Claudioces-</strong></span> 
     </span>
     <span class='ocr_line' id='line_1_17' title="bbox 297 1550 1707 1613; baseline -0.001 -14"><span class='ocrx_word' id='word_1_107' title='bbox 297 1553 467 1599; x_wconf 90' lang='lat' dir='ltr'><strong>trensis</strong></span> <span class='ocrx_word' id='word_1_108' title='bbox 492 1558 538 1599; x_wconf 83' lang='lat' dir='ltr'><strong>et</strong></span> <span class='ocrx_word' id='word_1_109' title='bbox 564 1551 928 1599; x_wconf 88' lang='lat' dir='ltr'><strong>Saresberiensis</strong></span> <span class='ocrx_word' id='word_1_110' title='bbox 957 1557 1002 1597; x_wconf 89' lang='lat' dir='ltr'><strong>et</strong></span> <span class='ocrx_word' id='word_1_111' title='bbox 1029 1550 1219 1613; x_wconf 90' lang='lat' dir='ltr'><strong>quidam</strong></span> <span class='ocrx_word' id='word_1_112' title='bbox 1239 1551 1354 1598; x_wconf 88' lang='lat' dir='ltr'><strong>alius</strong></span> <span class='ocrx_word' id='word_1_113' title='bbox 1382 1551 1550 1598; x_wconf 88' lang='lat' dir='ltr'><strong>nobilis</strong></span> <span class='ocrx_word' id='word_1_114' title='bbox 1577 1551 1707 1606; x_wconf 85' lang='lat' dir='ltr'><strong>baro,</strong></span> 
     </span>
     <span class='ocr_line' id='line_1_18' title="bbox 299 1626 1712 1683; baseline -0.001 -8"><span class='ocrx_word' id='word_1_115' title='bbox 299 1628 485 1675; x_wconf 90' lang='lat' dir='ltr'><strong>nomine</strong></span> <span class='ocrx_word' id='word_1_116' title='bbox 506 1628 706 1674; x_wconf 91' lang='lat' dir='ltr'><strong>Thomas</strong></span> <span class='ocrx_word' id='word_1_117' title='bbox 731 1627 943 1683; x_wconf 82' lang='lat' dir='ltr'><strong>Blondi2,</strong></span> <span class='ocrx_word' id='word_1_118' title='bbox 966 1633 1193 1674; x_wconf 87' lang='lat' dir='ltr'><strong>exeuntes</strong></span> <span class='ocrx_word' id='word_1_119' title='bbox 1212 1626 1259 1673; x_wconf 93' lang='lat' dir='ltr'><strong>in</strong></span> <span class='ocrx_word' id='word_1_120' title='bbox 1280 1627 1406 1674; x_wconf 88' lang='lat' dir='ltr'><strong>dicto</strong></span> <span class='ocrx_word' id='word_1_121' title='bbox 1426 1627 1712 1674; x_wconf 89' lang='lat' dir='ltr'><strong>monasterio</strong></span> 
     </span>
     <span class='ocr_line' id='line_1_19' title="bbox 296 1703 1713 1766; baseline 0 -16"><span class='ocrx_word' id='word_1_122' title='bbox 296 1704 343 1750; x_wconf 92' lang='lat' dir='ltr'><strong>in</strong></span> <span class='ocrx_word' id='word_1_123' title='bbox 376 1721 560 1752; x_wconf 89' lang='lat' dir='ltr'><strong>camera</strong></span> <span class='ocrx_word' id='word_1_124' title='bbox 591 1705 700 1751; x_wconf 89' lang='lat' dir='ltr'><strong>dicti</strong></span> <span class='ocrx_word' id='word_1_125' title='bbox 734 1703 918 1751; x_wconf 89' lang='lat' dir='ltr'><strong>abbatis</strong></span> <span class='ocrx_word' id='word_1_126' title='bbox 954 1719 1155 1750; x_wconf 90' lang='lat' dir='ltr'><strong>unacum</strong></span> <span class='ocrx_word' id='word_1_127' title='bbox 1192 1703 1297 1766; x_wconf 90' lang='lat' dir='ltr'><strong>ipso</strong></span> <span class='ocrx_word' id='word_1_128' title='bbox 1336 1703 1522 1760; x_wconf 87' lang='lat' dir='ltr'><strong>abbate,</strong></span> <span class='ocrx_word' id='word_1_129' title='bbox 1561 1704 1713 1752; x_wconf 88' lang='lat' dir='ltr'><strong>archi-</strong></span> 
     </span>
     <span class='ocr_line' id='line_1_20' title="bbox 296 1780 1712 1846; baseline -0.001 -16"><span class='ocrx_word' id='word_1_130' title='bbox 296 1783 519 1846; x_wconf 86' lang='lat' dir='ltr'><strong>episcopo</strong></span> <span class='ocrx_word' id='word_1_131' title='bbox 552 1781 888 1838; x_wconf 90' lang='lat' dir='ltr'><strong>Cantuariensi‚</strong></span> <span class='ocrx_word' id='word_1_132' title='bbox 925 1780 1150 1844; x_wconf 91' lang='lat' dir='ltr'><strong>episcopo</strong></span> <span class='ocrx_word' id='word_1_133' title='bbox 1189 1781 1487 1828; x_wconf 87' lang='lat' dir='ltr'><strong>Carleonensi</strong></span> <span class='ocrx_word' id='word_1_134' title='bbox 1526 1780 1712 1845; x_wconf 83' lang='lat' dir='ltr'><strong>Magda-</strong></span> 
     </span>
     <span class='ocr_line' id='line_1_21' title="bbox 296 1857 1711 1923; baseline -0.002 -16"><span class='ocrx_word' id='word_1_135' title='bbox 296 1860 494 1922; x_wconf 88' lang='lat' dir='ltr'><strong>lenoque</strong></span> <span class='ocrx_word' id='word_1_136' title='bbox 540 1865 586 1907; x_wconf 91' lang='lat' dir='ltr'><strong>et</strong></span> <span class='ocrx_word' id='word_1_137' title='bbox 636 1859 861 1923; x_wconf 83' lang='lat' dir='ltr'><strong>magistro</strong></span> <span class='ocrx_word' id='word_1_138' title='bbox 904 1858 1066 1914; x_wconf 83' lang='lat' dir='ltr'><strong>Paulo,</strong></span> <span class='ocrx_word' id='word_1_139' title='bbox 1117 1858 1295 1921; x_wconf 91' lang='lat' dir='ltr'><strong>phisico</strong></span> <span class='ocrx_word' id='word_1_140' title='bbox 1345 1858 1545 1905; x_wconf 89' lang='lat' dir='ltr'><strong>condam</strong></span> <span class='ocrx_word' id='word_1_141' title='bbox 1586 1857 1711 1922; x_wconf 87' lang='lat' dir='ltr'><strong>regis</strong></span> 
     </span>
     <span class='ocr_line' id='line_1_22' title="bbox 296 1935 1711 1999; baseline -0.001 -15"><span class='ocrx_word' id='word_1_142' title='bbox 296 1936 531 1992; x_wconf 89' lang='lat' dir='ltr'><strong>Richardi,</strong></span> <span class='ocrx_word' id='word_1_143' title='bbox 572 1942 622 1983; x_wconf 88' lang='lat' dir='ltr'><strong>ut</strong></span> <span class='ocrx_word' id='word_1_144' title='bbox 660 1935 914 1982; x_wconf 84' lang='lat' dir='ltr'><strong>liberarent</strong></span> <span class='ocrx_word' id='word_1_145' title='bbox 954 1951 1115 1999; x_wconf 83' lang='lat' dir='ltr'><strong>regem</strong></span> <span class='ocrx_word' id='word_1_146' title='bbox 1150 1935 1433 1983; x_wconf 86' lang='lat' dir='ltr'><strong>Richardum</strong></span> <span class='ocrx_word' id='word_1_147' title='bbox 1472 1951 1525 1982; x_wconf 92' lang='lat' dir='ltr'><strong>ac</strong></span> <span class='ocrx_word' id='word_1_148' title='bbox 1557 1935 1711 1982; x_wconf 89' lang='lat' dir='ltr'><strong>denuo</strong></span> 
     </span>
     <span class='ocr_line' id='line_1_23' title="bbox 294 2013 1707 2078; baseline -0.001 -17"><span class='ocrx_word' id='word_1_149' title='bbox 294 2030 493 2078; x_wconf 83' lang='lat' dir='ltr'><strong>regnum</strong></span> <span class='ocrx_word' id='word_1_150' title='bbox 528 2013 615 2061; x_wconf 87' lang='lat' dir='ltr'><strong>sibi</strong></span> <span class='ocrx_word' id='word_1_151' title='bbox 653 2013 955 2060; x_wconf 83' lang='lat' dir='ltr'><strong>restituerent</strong></span> <span class='ocrx_word' id='word_1_152' title='bbox 989 2020 1035 2059; x_wconf 91' lang='lat' dir='ltr'><strong>et</strong></span> <span class='ocrx_word' id='word_1_153' title='bbox 1075 2029 1316 2068; x_wconf 89' lang='lat' dir='ltr'><strong>coronam,</strong></span> <span class='ocrx_word' id='word_1_154' title='bbox 1354 2019 1515 2060; x_wconf 87' lang='lat' dir='ltr'><strong>contra</strong></span> <span class='ocrx_word' id='word_1_155' title='bbox 1548 2028 1707 2077; x_wconf 84' lang='lat' dir='ltr'><strong>regem</strong></span> 
     </span>
     <span class='ocr_line' id='line_1_24' title="bbox 294 2089 1468 2154; baseline 0 -17"><span class='ocrx_word' id='word_1_156' title='bbox 294 2091 573 2138; x_wconf 88' lang='lat' dir='ltr'><strong>Henrricum</strong></span> <span class='ocrx_word' id='word_1_157' title='bbox 599 2106 816 2154; x_wconf 85' lang='lat' dir='ltr'><strong>magnam</strong></span> <span class='ocrx_word' id='word_1_158' title='bbox 843 2089 1213 2154; x_wconf 85' lang='lat' dir='ltr'><strong>conjurationem</strong></span> <span class='ocrx_word' id='word_1_159' title='bbox 1241 2089 1468 2137; x_wconf 87' lang='lat' dir='ltr'><strong>fecerunt.</strong></span> 
     </span>
    </p>

    <p class='ocr_par' dir='ltr' id='par_1_4' title="bbox 293 2165 1710 2613">
     <span class='ocr_line' id='line_1_25' title="bbox 360 2165 1710 2228; baseline 0 -15"><span class='ocrx_word' id='word_1_160' title='bbox 360 2169 456 2224; x_wconf 81' lang='lat' dir='ltr'><strong>Qua</strong></span> <span class='ocrx_word' id='word_1_161' title='bbox 493 2171 697 2228; x_wconf 88' lang='lat' dir='ltr'><strong>peracta,</strong></span> <span class='ocrx_word' id='word_1_162' title='bbox 731 2165 932 2212; x_wconf 88' lang='lat' dir='ltr'><strong>barones</strong></span> <span class='ocrx_word' id='word_1_163' title='bbox 962 2171 1258 2213; x_wconf 87' lang='lat' dir='ltr'><strong>recesserunt</strong></span> <span class='ocrx_word' id='word_1_164' title='bbox 1291 2165 1368 2212; x_wconf 87' lang='lat' dir='ltr'><strong>tali</strong></span> <span class='ocrx_word' id='word_1_165' title='bbox 1401 2165 1710 2213; x_wconf 88' lang='lat' dir='ltr'><strong>conventione</strong></span> 
     </span>
     <span class='ocr_line' id='line_1_26' title="bbox 295 2240 1708 2305; baseline -0.001 -15"><span class='ocrx_word' id='word_1_166' title='bbox 295 2242 422 2305; x_wconf 91' lang='lat' dir='ltr'><strong>quod</strong></span> <span class='ocrx_word' id='word_1_167' title='bbox 465 2242 694 2290; x_wconf 90' lang='lat' dir='ltr'><strong>dominica</strong></span> <span class='ocrx_word' id='word_1_168' title='bbox 734 2242 885 2305; x_wconf 89' lang='lat' dir='ltr'><strong>prima</strong></span> <span class='ocrx_word' id='word_1_169' title='bbox 932 2248 1039 2303; x_wconf 88' lang='lat' dir='ltr'><strong>post</strong></span> <span class='ocrx_word' id='word_1_170' title='bbox 1078 2242 1485 2290; x_wconf 84' lang='lat' dir='ltr'><strong>Circumcisionem</strong></span> <span class='ocrx_word' id='word_1_171' title='bbox 1525 2240 1708 2288; x_wconf 89' lang='lat' dir='ltr'><strong>Domini</strong></span> 
     </span>
     <span class='ocr_line' id='line_1_27' title="bbox 293 2318 1708 2383; baseline -0.001 -16"><span class='ocrx_word' id='word_1_172' title='bbox 293 2320 499 2375; x_wconf 87' lang='lat' dir='ltr'><strong>instanti,</strong></span> <span class='ocrx_word' id='word_1_173' title='bbox 528 2319 719 2383; x_wconf 90' lang='lat' dir='ltr'><strong>quilibet</strong></span> <span class='ocrx_word' id='word_1_174' title='bbox 740 2335 845 2366; x_wconf 91' lang='lat' dir='ltr'><strong>cum</strong></span> <span class='ocrx_word' id='word_1_175' title='bbox 866 2324 1098 2382; x_wconf 84' lang='lat' dir='ltr'><strong>potestate</strong></span> <span class='ocrx_word' id='word_1_176' title='bbox 1119 2335 1199 2365; x_wconf 87' lang='lat' dir='ltr'><strong>sua</strong></span> <span class='ocrx_word' id='word_1_177' title='bbox 1220 2318 1344 2382; x_wconf 92' lang='lat' dir='ltr'><strong>apud</strong></span> <span class='ocrx_word' id='word_1_178' title='bbox 1367 2319 1591 2366; x_wconf 83' lang='lat' dir='ltr'><strong>Kinston3</strong></span> <span class='ocrx_word' id='word_1_179' title='bbox 1616 2334 1708 2381; x_wconf 90' lang='lat' dir='ltr'><strong>que</strong></span> 
     </span>
     <span class='ocr_line' id='line_1_28' title="bbox 294 2395 1708 2460; baseline -0.001 -16"><span class='ocrx_word' id='word_1_180' title='bbox 294 2396 434 2444; x_wconf 90' lang='lat' dir='ltr'><strong>distat</strong></span> <span class='ocrx_word' id='word_1_181' title='bbox 460 2396 592 2460; x_wconf 88' lang='lat' dir='ltr'><strong>quasi</strong></span> <span class='ocrx_word' id='word_1_182' title='bbox 624 2395 788 2443; x_wconf 90' lang='lat' dir='ltr'><strong>decem</strong></span> <span class='ocrx_word' id='word_1_183' title='bbox 815 2396 957 2442; x_wconf 88' lang='lat' dir='ltr'><strong>leucis</strong></span> <span class='ocrx_word' id='word_1_184' title='bbox 990 2413 1015 2442; x_wconf 87' lang='lat' dir='ltr'><strong>a</strong></span> <span class='ocrx_word' id='word_1_185' title='bbox 1042 2396 1280 2443; x_wconf 90' lang='lat' dir='ltr'><strong>Londonia</strong></span> <span class='ocrx_word' id='word_1_186' title='bbox 1308 2413 1395 2443; x_wconf 91' lang='lat' dir='ltr'><strong>una</strong></span> <span class='ocrx_word' id='word_1_187' title='bbox 1430 2395 1566 2443; x_wconf 89' lang='lat' dir='ltr'><strong>simul</strong></span> <span class='ocrx_word' id='word_1_188' title='bbox 1595 2411 1708 2443; x_wconf 90' lang='lat' dir='ltr'><strong>con-</strong></span> 
     </span>
     <span class='ocr_line' id='line_1_29' title="bbox 293 2471 1704 2538; baseline -0.001 -18"><span class='ocrx_word' id='word_1_189' title='bbox 293 2480 618 2538; x_wconf 83' lang='lat' dir='ltr'><strong>gregarentur,</strong></span> <span class='ocrx_word' id='word_1_190' title='bbox 649 2473 878 2537; x_wconf 83' lang='lat' dir='ltr'><strong>fingentes</strong></span> <span class='ocrx_word' id='word_1_191' title='bbox 905 2489 954 2520; x_wconf 91' lang='lat' dir='ltr'><strong>se</strong></span> <span class='ocrx_word' id='word_1_192' title='bbox 982 2473 1068 2519; x_wconf 90' lang='lat' dir='ltr'><strong>hoc</strong></span> <span class='ocrx_word' id='word_1_193' title='bbox 1093 2473 1242 2520; x_wconf 83' lang='lat' dir='ltr'><strong>facere</strong></span> <span class='ocrx_word' id='word_1_194' title='bbox 1271 2480 1320 2520; x_wconf 90' lang='lat' dir='ltr'><strong>ut</strong></span> <span class='ocrx_word' id='word_1_195' title='bbox 1347 2473 1468 2520; x_wconf 86' lang='lat' dir='ltr'><strong>irent</strong></span> <span class='ocrx_word' id='word_1_196' title='bbox 1493 2472 1568 2520; x_wconf 89' lang='lat' dir='ltr'><strong>die</strong></span> <span class='ocrx_word' id='word_1_197' title='bbox 1594 2471 1704 2535; x_wconf 90' lang='lat' dir='ltr'><strong>Epi-</strong></span> 
     </span>
     <span class='ocr_line' id='line_1_30' title="bbox 295 2548 1700 2613; baseline -0.001 -16"><span class='ocrx_word' id='word_1_198' title='bbox 295 2551 462 2613; x_wconf 89' lang='lat' dir='ltr'><strong>phanie</strong></span> <span class='ocrx_word' id='word_1_199' title='bbox 490 2550 672 2598; x_wconf 88' lang='lat' dir='ltr'><strong>Domini</strong></span> <span class='ocrx_word' id='word_1_200' title='bbox 704 2550 918 2613; x_wconf 84' lang='lat' dir='ltr'><strong>proxime</strong></span> <span class='ocrx_word' id='word_1_201' title='bbox 951 2550 1161 2612; x_wconf 89' lang='lat' dir='ltr'><strong>sequenti</strong></span> <span class='ocrx_word' id='word_1_202' title='bbox 1188 2550 1312 2613; x_wconf 90' lang='lat' dir='ltr'><strong>apud</strong></span> <span class='ocrx_word' id='word_1_203' title='bbox 1339 2549 1615 2599; x_wconf 85' lang='lat' dir='ltr'><strong>Windesore</strong></span> <span class='ocrx_word' id='word_1_204' title='bbox 1642 2548 1700 2595; x_wconf 91' lang='lat' dir='ltr'><strong>ad</strong></span> 
     </span>
    </p>
   </div>
   <div class='ocr_carea' id='block_1_3' title="bbox 341 2681 1176 2848">
    <p class='ocr_par' dir='ltr' id='par_1_5' title="bbox 341 2681 1176 2848">
     <span class='ocr_line' id='line_1_31' title="bbox 344 2681 648 2729; baseline 0.003 -13"><span class='ocrx_word' id='word_1_205' title='bbox 344 2682 375 2716; x_wconf 87' lang='lat'><strong>1.</strong></span> <span class='ocrx_word' id='word_1_206' title='bbox 400 2681 648 2729; x_wconf 79' lang='lat' dir='ltr'><strong>Maudeleyn.</strong></span> 
     </span>
     <span class='ocr_line' id='line_1_32' title="bbox 341 2740 754 2776; baseline 0 0"><span class='ocrx_word' id='word_1_207' title='bbox 341 2741 375 2776; x_wconf 73' lang='lat'><strong>2.</strong></span> <span class='ocrx_word' id='word_1_208' title='bbox 399 2740 567 2776; x_wconf 88' lang='lat' dir='ltr'><strong>Thomas</strong></span> <span class='ocrx_word' id='word_1_209' title='bbox 592 2740 754 2776; x_wconf 83' lang='lat' dir='ltr'><strong>Blount.</strong></span> 
     </span>
     <span class='ocr_line' id='line_1_33' title="bbox 342 2798 1176 2848; baseline 0 -13"><span class='ocrx_word' id='word_1_210' title='bbox 342 2799 373 2836; x_wconf 87' lang='lat'><strong>3.</strong></span> <span class='ocrx_word' id='word_1_211' title='bbox 399 2800 607 2848; x_wconf 84' lang='lat' dir='ltr'><strong>Kingston.</strong></span> <span class='ocrx_word' id='word_1_212' title='bbox 630 2819 677 2826; x_wconf 98' lang='lat'><strong>—</strong></span> <span class='ocrx_word' id='word_1_213' title='bbox 696 2800 716 2834; x_wconf 83' lang='lat'>4</span> <span class='ocrx_word' id='word_1_214' title='bbox 734 2798 889 2846; x_wconf 73' lang='lat' dir='ltr'><strong>Janvier</strong></span> <span class='ocrx_word' id='word_1_215' title='bbox 910 2799 1000 2835; x_wconf 77' lang='lat'>1400</span> <span class='ocrx_word' id='word_1_216' title='bbox 1024 2800 1073 2842; x_wconf 79' lang='lat' dir='ltr'><strong>(n.</strong></span> <span class='ocrx_word' id='word_1_217' title='bbox 1100 2802 1176 2846; x_wconf 85' lang='lat' dir='ltr'><strong>st..).</strong></span> 
     </span>
    </p>
   </div>
  </div>
 </body>
</html>
