1941 3294
198 284 301 330 1403]
476 286 843 320 GHRONOGRAPHIA
868 287 1019 319 REGUM
1043 285 1322 318 FRANCORUM.
1526 284 1591 320 231

201 383 222 409 α
252 364 377 411 Linei
391 370 436 410 et
450 362 601 411 Sancti
614 362 756 418 Pauli,
771 362 1070 410 considerans
1081 362 1370 420 affinitatem,
1387 380 1594 411 amorem

201 460 220 486 ιι
253 447 299 488 et
331 439 754 488 confederationem
779 437 922 503 ‘quam
954 439 1182 487 habebam
1217 455 1327 504 erga
1361 441 1596 487 excelsum

200 537 221 562 α
253 516 783 579 excellentissimumque
823 516 1081 580 principem
1119 515 1361 563 dominum
1407 517 1597 566 Richar-

200 614 220 638 α
252 595 382 651 dum,
420 609 580 657 regem
611 592 790 657 Anglie,
826 594 956 658 cujus
991 609 1204 640 sororem
1241 592 1419 641 dudum
1456 593 1597 641 habui

200 691 220 716 α
251 687 465 724 uxorem,
488 686 668 717 necnon
688 669 1050 720 destructionem
1075 670 1283 735 ejusdem
1303 671 1444 735 regis,
1468 671 1597 734 cujus

200 767 221 793 α
251 765 336 795 vos
367 747 478 794 estis
505 747 686 794 notorie
717 747 979 810 inculpatus
1012 753 1059 795 et
1089 747 1374 804 diffamatu53
1405 747 1598 811 insuper

198 843 219 869 <1
250 823 453 871 dedecus
479 829 524 871 et
549 823 752 887 dampna
777 841 867 887 que
887 841 974 888 ego
994 830 1037 872 et
1063 824 1302 889 generatio
1329 840 1431 871 mea
1457 841 1515 871 cx
1541 841 1597 872 eo

199 920 219 946 <x
250 900 556 956 descendens,
590 917 840 964 possumus
877 901 949 948 vel
987 901 1244 964 poterimus
1274 900 1446 948 habere
1476 901 1598 949 futu-

197 996 218 1021 «
246 977 311 1024 ris
338 976 632 1040 temporibus
666 977 746 1024 Dei
781 978 1113 1041 omnipotentis
1145 977 1513 1041 indignationem
1553 984 1598 1025 et

198 1073 218 1099 (ι
249 1054 456 1101 omnium
489 1053 832 1101 honorabilium
869 1070 1196 1118 personarum,
1239 1054 1325 1101 nisi
1359 1070 1466 1101 cum
1501 1060 1598 1102 tota

197 1151 217 1176 α
248 1137 479 1195 potestate
507 1147 581 1178 me
598 1147 830 1194 exponam
846 1131 1084 1178 vindicare
1101 1130 1466 1178 destructionem
1487 1131 1596 1178 dicti

196 1227 216 1251 (ι
249 1207 422 1255 domini
447 1207 537 1255 mei
558 1207 706 1271 regis;
735 1207 871 1254 vobis
892 1214 1055 1254 notum
1082 1207 1199 1254 facio
1225 1224 1312 1270 per
1333 1214 1594 1270 presentes,

196 1305 216 1330 «ι
247 1285 373 1349 quod
403 1302 489 1350 ego
515 1285 718 1349 dampna
743 1291 788 1332 et
819 1291 1096 1333 nocumenta
1123 1302 1208 1348 per
1233 1302 1325 1342 me,
1358 1291 1594 1349 parentes,

195 1382 215 1407 α
247 1362 438 1419 amicos,
467 1362 702 1410 federatos
728 1362 940 1409 homines
973 1368 1018 1409 et
1050 1362 1285 1426 subjectos
1316 1378 1447 1410 meos
1473 1369 1598 1410 terra

195 1458 215 1484 (ι
246 1439 458 1502 marique
487 1439 622 1486 vobis
647 1439 860 1496 inferam,
887 1445 1042 1486 tamen
1070 1445 1204 1486 extra
1231 1456 1428 1504 regnum
1458 1444 1598 1488 Fran-

194 1535 215 1561 «
246 1516 332 1573 cie,
355 1533 492 1564 causa
516 1516 841 1564 tantummodo
868 1516 1133 1580 supradicta
1157 1522 1202 1564 et
1227 1533 1320 1564 non
1342 1517 1599 1580 aliqualiter

195 1613 215 1638 <1
246 1609 333 1656 pro
369 1593 500 1640 factis
537 1593 676 1640 motis
708 1609 790 1640 seu
833 1593 1077 1640 movendis
1117 1593 1239 1640 inter
1273 1593 1599 1642 metuendissi-

193 1689 214 1714 «ι
246 1685 376 1718 mum
402 1685 456 1717 ac
480 1686 754 1733 supremum
779 1669 1021 1717 dominum
1041 1685 1200 1717 meum
1222 1685 1382 1734 regem
1407 1671 1597 1718 Francie

194 1765 214 1791 α
245 1751 293 1793 et
322 1761 518 1810 regnum
543 1745 722 1809 Anglie.
751 1749 808 1793 Et
834 1745 921 1793 hoc
950 1745 1084 1792 vobis
1110 1746 1318 1793 certifico
1344 1746 1476 1811 sigilli
1507 1748 1597 1795 mei

193 1842 213 1867 ε(
244 1823 570 1886 impressione.
594 1825 762 1870 Datum
782 1823 847 1869 ixa
867 1823 940 1870 die
960 1822 1247 1879 novembris,
1272 1840 1393 1870 anno
1414 1824 1597 1871 Domini

193 1919 213 1944 <1
245 1899 489 1946 millesimo
515 1905 651 1948 0000ο
670 1905 755 1947 111⁰.
793 1919 813 1943 i>

254 1975 558 2024 Postmodum
594 1976 746 2023 dictus
785 1992 943 2023 comes
983 1976 1284 2041 congregavit
1318 1976 1377 2024 de
1411 1977 1597 2026 natione

190 2071 271 2101 sua
307 2053 515 2100 Picardie
550 2052 682 2115 quasi
718 2053 1085 2117 quadringentos
1121 2058 1217 2100 tam
1252 2054 1421 2101 milites
1455 2071 1596 2117 quam

189 2130 432 2178 scutiferos
449 2129 574 2194 apud
591 2129 941 2178 Abbatisvillam
958 2130 1004 2177 in
1021 2130 1259 2187 Pontiv01‚
1282 2131 1360 2194 qui
1378 2147 1596 2196 magnam

189 2207 454 2254 victualium
487 2206 802 2270 provisionem
834 2207 1055 2263 fecerant,
1092 2207 1265 2255 scilicet
1290 2207 1348 2254 de
1380 2207 1597 2256 carnibus

189 2284 336 2339 salsis,
367 2283 599 2339 biscoctiS‚
624 2283 760 2337 vinis,
785 2283 1009 2341 cervisiis,
1035 2284 1209 2340 bituro,
1239 2283 1399 2330 farinis
1425 2291 1472 2332 et
1498 2284 1596 2332 aliis

187 2360 386 2409 diversis
412 2361 470 2408 ad
497 2360 830 2424 imponendum
859 2361 1046 2425 navigio
1071 2361 1208 2425 aptis.
1234 2364 1289 2408 Et
1317 2360 1422 2423 quia
1450 2377 1595 2424 pauce

189 2443 322 2484 erant
342 2452 484 2483 naves
503 2435 561 2482 ad
582 2435 901 2499 recipiendum
921 2453 1002 2484 eos
1017 2436 1141 2500 apud
1163 2436 1446 2494 Crotoium2‚
1470 2436 1596 2485 idem

237 2590 270 2625 1.
295 2588 517 2624 Monstrelet
540 2588 692 2623 resume
713 2598 820 2624 assez
841 2588 1181 2625 maladroitement
1203 2594 1303 2625 cette
1326 2588 1488 2625 relation
1505 2593 1544 2634 (t.
1561 2590 1593 2635 I,

190 2648 345 2743 Pigiise
373 2705 527 2753 Crotoy,
553 2705 723 2751 Somme,
746 2706 1077 2744 arrondissement
1102 2707 1357 2753 d’Abbeville,
1380 2713 1522 2744 canton
1548 2708 1593 2744 de

192 2766 289 2803 Rue.
