1941 3294
185 249 289 295 1396]
449 250 819 284 CHRONOGRAPHIA
845 249 997 282 REGUM
1022 248 1301 280 FRANCORUM.
1518 243 1583 281 129

185 348 206 373 «
238 329 357 376 lares
372 328 449 391 qui
466 326 668 391 parjuria
683 325 880 389 pugnire
895 331 1092 388 possunt
1111 324 1404 388 insurgentes
1424 330 1586 371 contra

186 424 206 449 «
238 405 401 461 talem,
430 409 480 452 ut
512 402 795 467 premissum
823 408 918 459 est,
952 401 1134 449 notorie
1166 400 1512 463 delinquentem
1542 406 1588 447 et

186 500 207 525 c<
238 487 458 546 cogentes
483 496 591 528 eum
616 479 800 536 cedere,
830 483 1069 526 merentur
1094 482 1240 525 Deum
1268 483 1315 524 et
1343 482 1450 524 sunt
1468 476 1587 540 juris

185 576 206 602 α
238 558 526 605 insecutores
547 562 595 603 et
609 556 860 618 juramenti
880 555 1038 602 violati
1058 561 1352 611 executores,
1376 559 1428 601 ut
1446 553 1588 601 resis-

186 653 207 678 (ι
237 639 304 681 tet
327 634 522 698 qualitas
547 649 748 695 persone
775 648 882 679 cum
901 648 988 695 per
1006 631 1235 695 premissa
1255 630 1517 678 reddiderit
1538 647 1587 677 se

185 729 205 754 (ι
235 710 477 775 indignum
503 709 747 773 privilegio
768 709 966 756 clericali
993 708 1040 755 in
1064 708 1290 772 dignitate
1310 706 1483 770 papali.
1519 726 1539 751 1>

245 788 379 834 Anno
404 786 635 849 siquidem
655 791 921 848 prenotato,
951 784 1165 833 videlicet
1187 784 1239 832 M⁰
1255 784 1360 833 CGC⁰
1385 800 1589 847 nonage—

181 862 300 911 simo
330 863 544 926 quinto1,
578 862 690 926 xijma
725 861 800 909 die
836 861 1007 917 martii,
1043 860 1425 908 ambaxatoribus
1461 860 1587 924 regis

137 936 140 938 ’
179 938 360 1002 Anglie,
390 939 562 986 scilicet
582 938 752 986 comite
773 938 830 985 de
851 937 1138 986 Rotheland2
1159 944 1205 984 et
1222 938 1391 985 comite
1413 953 1588 984 mares-

179 1014 324 1072 calli3,
358 1015 711 1078 archiepiscopo
745 1014 1058 1079 [Eblanensi4]
1096 1019 1142 1061 et
1178 1014 1401 1077 episcopo
1436 1017 1590 1062 Mene-

177 1091 325 1147 vensi,
364 1091 519 1139 Sancti
552 1091 698 1139 David
731 1091 984 1156 vulgariter
1010 1091 1152 1147 dicto,
1182 1091 1386 1138 Parisius
1412 1107 1588 1138 exeun-

177 1167 320 1225 tibus,
358 1168 590 1215 Elizabeth
623 1168 682 1216 de
717 1168 926 1224 Francia,
963 1167 1054 1214 filia
1089 1167 1215 1230 regis
1246 1167 1454 1221 Francie,
1496 1184 1587 1230 que

178 1249 289 1291 tunc
327 1249 427 1291 erat
457 1244 592 1292 etatis
625 1251 730 1292 octo
770 1260 1017 1300 annorum,
1057 1250 1202 1307 nupta
1233 1249 1303 1290 est
1335 1243 1584 1300 Richardo,

177 1321 277 1385 regi
303 1321 481 1385 Anglie,
510 1322 555 1367 in
577 1323 738 1368 Sancta
765 1320 948 1384 Capella
964 1320 1127 1367 Palacii
1149 1320 1351 1366 Parisius
1372 1336 1458 1383 per
1478 1336 1589 1383 pro-

177 1404 441 1444 curatorem
461 1397 672 1462 ejusdem
692 1397 816 1460 regis
835 1397 1015 1461 Anglie,
1041 1397 1420 1460 prenominatum
1444 1397 1590 1443 comi-

176 1479 273 1521 tem
311 1473 369 1521 de
403 1474 681 1531 Rotheland,
720 1473 1055 1521 consobrinum
1095 1489 1248 1520 suum.
1292 1475 1589 1536 Quapropter

176 1626 336 1691 regine
356 1645 365 1673 :
391 1627 561 1674 scilicet
581 1627 743 1690 regina
769 1627 986 1681 Blancha,
1009 1625 1169 1690 regina
1193 1626 1402 1682 Francie‚
1426 1626 1588 1690 regina

177 1702 326 1750 Sicilie
352 1704 659 1767 etjuvencula
686 1703 847 1767 regina
874 1702 1053 1766 Anglie.

241 1779 472 1827 Modicum
499 1786 604 1843 post
626 1779 896 1843 congregati
923 1784 1030 1826 sunt
1050 1779 1181 1826 multi
1201 1779 1414 1826 homines
1434 1795 1589 1826 armo-

176 1872 300 1913 rum,
345 1857 465 1904 inter
506 1873 626 1920 quos
663 1856 930 1903 eminebant
972 1855 1212 1918 Philippus
1253 1855 1311 1903 de
1349 1856 1582 1912 Arthesio,

176 1947 335 1980 comes
369 1933 503 1997 Augi,
544 1931 944 1980 conestabularius
980 1932 1190 1986 Francie,
1229 1932 1585 1988 Bouchicaldus,

121 2069 137 2083 l
176 2010 473 2057 marescallus
497 2010 707 2066 Francie,
738 2009 971 2057 Johannes
1002 2008 1062 2056 de
1082 2009 1273 2065 Vienna,
1301 2009 1588 2057 admiraldus

225 2139 258 2174 1.
280 2139 354 2174 Les
379 2139 677 2175 ambassadeurs
706 2138 857 2186 anglais
888 2138 1105 2175 arrives-ent
1133 2139 1155 2174 a
1183 2139 1294 2175 Paris
1324 2150 1372 2176 au
1402 2139 1519 2176 debut
1542 2139 1587 2175 de

177 2198 318 2234 fevrier
338 2199 444 2244 1396,
467 2204 517 2241 et,
541 2199 575 2235 le
598 2199 641 2234 12
661 2210 779 2243 mars,
803 2199 857 2235 les
878 2198 1093 2246 fiancailles
1114 2199 1244 2235 furent
1261 2199 1469 2235 celebreeS.

225 2258 259 2293 2.
282 2258 336 2294 Le
357 2264 482 2294 comte
506 2258 552 2294 de
574 2257 761 2304 Rutland,
783 2258 841 2293 fils
863 2257 912 2293 du
934 2258 1007 2295 duc
1027 2258 1189 2295 d’York.

227 2316 259 2352 3.
284 2317 453 2352 Thomas
476 2316 689 2362 Mowbray,
712 2321 838 2352 comte
859 2316 905 2352 de
926 2316 1198 2364 Nottingham.

225 2375 260 2411 4.
282 2374 442 2410 Dublin.
464 2395 510 2401 —
540 2374 615 2409 Sur
636 2385 679 2410 ce
705 2374 890 2422 mariage,
922 2375 1005 2411 voir
1031 2375 1085 2411 les
1114 2374 1252 2411 details
1280 2375 1428 2411 donnes
1454 2385 1523 2420 par
1554 2374 1588 2410 le

176 2433 380 2481 Religieux
406 2433 451 2469 de
474 2432 754 2480 Saint-Denys,
783 2438 807 2469 t.
838 2433 890 2479 H,
917 2445 952 2480 p.
984 2433 1065 2479 330,
1097 2433 1179 2479 412,
1208 2439 1246 2469 et
1274 2432 1584 2479 Dou‘e't-d'Arcq,

179 2494 292 2530 Ghoioe
312 2495 353 2528 de
371 2495 484 2538 pieces
505 2494 657 2528 ineditas
671 2495 836 2528 relatives
851 2504 901 2528 au
922 2495 1031 2538 reyne
1045 2494 1087 2528 de
1102 2493 1252 2529 Charles
1277 2494 1330 2538 VJ,
1348 2498 1374 2528 t.
1397 2491 1429 2539 Ι,
1446 2503 1482 2539 p.
1502 2491 1582 2528 130.

175 2552 249 2588 Les
270 2551 444 2589 cadeaux
470 2551 618 2587 donnes
639 2550 660 2586 ἐι
681 2552 717 2587 la
734 2551 851 2598 jeune
878 2551 983 2588 reine
1010 2563 1078 2599 par
1106 2551 1276 2589 Richard
1302 2552 1340 2587 II
1363 2556 1401 2587 et
1428 2551 1483 2586 les
1505 2551 1581 2587 sei-

177 2622 320 2658 gneurs
341 2610 490 2658 anglais
520 2615 608 2646 sont
634 2610 840 2647 enumeres
869 2610 1016 2658 d'apres
1046 2622 1122 2647 une
1149 2611 1257 2658 piece
1279 2610 1490 2647 conservae
1510 2620 1586 2645 aux

176 2670 367 2707 Archives
387 2669 620 2716 nationales,
649 2669 745 2706 dans
766 2671 803 2706 la
823 2671 1051 2716 Chrominque
1074 2672 1115 2707 de
1136 2673 1171 2707 la
1202 2673 1344 2706 tra't'son
1370 2673 1402 2704 et
1422 2672 1519 2705 mort
1541 2669 1582 2704 de

178 2730 328 2766 Richart
347 2731 441 2765 deum
463 2731 509 2776 (p.
535 2730 629 2774 408),
651 2740 719 2776 par
738 2729 789 2765 M.
815 2730 857 2766 Β.
888 2730 1097 2767 Williams.

325 2799 370 2830 111
1425 2793 1445 2829 9
