1941 3294
215 265 318 312 1383]
487 268 856 301 CHRONOGRAPHIA
881 268 1034 301 REGUM
1060 267 1338 300 FRANCORUM.
1565 265 1607 300 57

212 349 259 396 in
285 348 440 396 villam
467 347 619 396 Sancti
643 346 875 404 Dionisii1‚
905 352 955 394 ut
977 347 1065 393 iret
1090 346 1135 393 in
1164 346 1426 394 Flandriam
1450 353 1611 395 contra

210 424 448 489 predictos
468 423 684 488 Anglicos
707 427 751 469 et
770 422 1080 488 Flaming0s2.

277 499 481 562 Septima
502 497 576 545 die
599 497 808 561 ejusdem
828 497 1001 545 mensis
1025 498 1072 544 in
1094 497 1407 554 Parlamento,
1432 498 1611 545 cunctis

210 575 522 631 audientibus,
547 573 663 621 lecta
689 580 761 620 est
785 574 963 637 papalis
991 574 1114 622 bulla
1139 591 1230 638 qua
1259 575 1470 623 Clemens
1489 577 1611 638 Papa

211 651 479 699 absolvebat
499 667 525 697 a
544 666 664 713 pena
690 655 737 697 et
763 650 896 713 culpa
920 657 1016 697 tam
1042 651 1330 714 presbiteros
1355 667 1496 714 quam
1523 651 1612 698 cle-

209 729 332 776 ricos
359 727 439 790 qui
464 727 585 773 irent
610 732 772 773 contra
798 726 1011 774 inimicos
1035 727 1236 775 Ecclesie
1262 732 1474 774 tenentes
1505 743 1613 790 par-

208 811 303 852 tem
329 803 657 860 Bartholomei,
687 802 767 865 qui
792 802 1040 851 veniebant
1065 804 1112 851 in
1139 820 1335 868 regnum
1360 804 1566 851 Francie.

273 880 521 928 Tricesima
547 879 621 927 die
647 879 858 944 ejusdem
888 881 1062 928 mensis
1087 880 1317 928 celebrate
1343 886 1449 928 sunt
1473 897 1613 945 gene-

208 957 329 1005 rales
357 956 682 1020 processiones
708 972 794 1019 per
820 956 1055 1004 civitatem
1081 957 1284 1005 Parisius
1309 958 1368 1005 ab
1394 957 1613 1005 omnibus

207 1033 435 1098 religiosis
461 1038 507 1080 et
531 1033 764 1080 canonicis
797 1033 895 1097 qui,
925 1033 1061 1081 nudis
1087 1034 1302 1097 pedibus,
1332 1034 1391 1082 de
1422 1034 1613 1082 ecclesia

207 1115 345 1158 Beate
382 1110 520 1158 Marie
563 1109 706 1157 multa
749 1112 1025 1157 Sanctorum
1069 1126 1270 1172 corpora
1311 1110 1517 1157 tulerunt
1554 1109 1613 1157 ad

207 1189 423 1234 Sanctam
442 1186 744 1241 Genovefam‚
762 1203 815 1233 ac
831 1186 938 1233 inde
959 1202 1130 1250 corpus
1151 1186 1359 1250 ejusdem
1380 1186 1613 1234 Genovefe

206 1268 514 1325 portaverunt
537 1262 595 1309 ad
622 1262 862 1309 ecclesiam
885 1265 1023 1309 Beate
1049 1262 1205 1309 Marie.
1231 1266 1280 1309 In
1307 1263 1437 1326 cujus
1466 1263 1615 1310 claus-

152 1387 163 1397 ,
206 1345 282 1386 tro
316 1339 464 1386 factus
497 1345 569 1386 est
599 1355 754 1386 sermo
785 1339 866 1386 ubi
899 1339 1058 1403 plures
1090 1340 1382 1403 parrochiani
1414 1340 1614 1388 Parisius

205 1415 504 1463 assistebant.

270 1496 368 1540 Hoc
383 1492 510 1540 enim
527 1492 700 1540 factum
717 1498 789 1540 est
805 1509 893 1557 pro
906 1509 1018 1557 rege
1032 1493 1203 1541 Karolo
1221 1494 1300 1557 qui
1318 1510 1426 1542 cum
1446 1510 1614 1558 magna

205 1569 372 1617 milicia
399 1575 446 1617 et
470 1569 707 1626 societate,
738 1570 871 1633 quasi
903 1570 1019 1634 xxijffl
1049 1570 1309 1627 hominum,
1346 1570 1422 1617 die
1451 1571 1614 1618 martis

204 1647 485 1710 precedente
512 1647 690 1694 exierat
711 1646 770 1694 de
790 1647 1059 1695 Attrebato3
1081 1654 1126 1694 et
1151 1647 1247 1695 ibat
1273 1654 1436 1695 contra
1458 1647 1614 1712 Angli-

252 1794 284 1829 1.
308 1793 361 1830 Le
381 1793 587 1841 Religieux
616 1794 661 1830 de
693 1793 957 1841 Saint-Denys
979 1794 1017 1839 (t.
1040 1794 1073 1839 Ι,
1094 1805 1130 1841 p.
1153 1794 1234 1840 266)
1264 1795 1392 1831 donne
1422 1795 1459 1831 la
1487 1797 1612 1831 meme

203 1850 303 1887 date.
326 1852 587 1888 L’orissamme
619 1853 675 1889 fut
704 1852 844 1889 remise
874 1864 921 1889 en
952 1852 1067 1899 garde
1087 1853 1110 1889 a
1130 1853 1219 1900 Guy
1239 1853 1284 1889 de
1305 1854 1342 1889 la
1361 1854 1609 1891 Tremouille.

202 1911 256 1946 Le
276 1910 349 1947 duc
370 1911 416 1947 de
439 1911 669 1959 Bourgogne
690 1912 805 1959 partit
820 1923 914 1948 avec
929 1912 963 1948 le
979 1913 1033 1948 roi
1049 1923 1091 1948 ce
1109 1912 1257 1959 jour-la
1271 1919 1310 1948 et
1324 1912 1612 1960 l‘accompagna

203 1974 490 2006 constamment
512 1970 568 2011 (E.
594 1970 707 2015 Petit,
730 1973 945 2007 ltineraires
965 1972 1006 2006 de
1027 1973 1193 2017 Philippa
1214 1974 1244 2007 le
1271 1973 1391 2007 Hardz·
1409 1976 1441 2007 et
1460 1973 1501 2007 de
1519 1974 1612 2008 Jean

201 2029 420 2069 Sans-Peur,
440 2031 528 2064 duos
539 2031 580 2065 de
592 2031 814 2075 Bouryoyne,
832 2041 868 2076 p.
885 2029 966 2075 159,
979 2035 1015 2066 et
1030 2031 1177 2076 Se‘jours
1193 2031 1235 2065 cle
1252 2031 1401 2066 Charles
1417 2032 1468 2072 VJ,
1484 2043 1520 2078 p.
1539 2032 1608 2077 ¹18).

248 2086 283 2122 2.
299 2085 456 2122 Charles
471 2086 528 2127 VI
543 2098 583 2123 se
597 2087 639 2123 fit
659 2087 843 2134 preceder
853 2098 921 2134 par
933 2099 992 2123 ses
1004 2088 1165 2125 maitres
1177 2088 1317 2125 d'hotel
1333 2088 1554 2125 Guillaume
1564 2089 1610 2127 de

201 2144 420 2182 Gaillonnel
442 2151 478 2182 et
498 2146 619 2182 Henri
639 2147 692 2182 Le
714 2146 871 2193 Mazier,
894 2147 986 2194 qu’il
1006 2158 1158 2195 envoya
1182 2161 1197 2180 «
1213 2146 1349 2184 devers
1369 2154 1500 2184 nostre
1523 2160 1610 2185 cou-

204 2215 220 2235 α
243 2201 304 2237 sin
323 2201 358 2238 le
379 2208 492 2238 conte
506 2202 551 2238 de
565 2203 752 2239 Flandres
774 2209 811 2240 et
832 2215 899 2251 par
918 2204 1053 2241 devers
1074 2204 1130 2240 les
1150 2203 1331 2241 habitans
1351 2204 1418 2241 des
1433 2205 1541 2241 villes
1563 2206 1609 2242 de

203 2273 218 2293 ι
242 2260 408 2307 Bruges,
423 2260 588 2308 d’Yppre
604 2267 641 2298 et
655 2262 700 2298 de
716 2262 916 2308 l'Escluse,
933 2263 983 2299 du
1004 2263 1107 2308 Dan,
1123 2262 1169 2299 de
1183 2262 1373 2311 Courtray
1387 2268 1425 2300 et
1444 2263 1607 2302 d’Aude-

203 2331 218 2352 «
241 2318 374 2363 narde,
390 2318 483 2356 faire
498 2320 689 2357 certaines
710 2321 847 2358 choses
864 2327 1031 2359 secretes
1046 2333 1119 2369 que
1136 2322 1374 2369 enchargees
1388 2322 1472 2358 leur
1486 2333 1607 2359 avons

203 2390 218 2409 «
241 2382 278 2412 et
306 2377 410 2413 aussi
444 2390 539 2424 pour
572 2378 665 2415 faire
701 2379 892 2416 certaines
925 2380 1130 2428 garnisons
1158 2391 1256 2427 pour
1282 2380 1318 2416 la
1344 2380 1534 2427 despence
1559 2382 1605 2418 de

202 2448 217 2468 α
241 2440 369 2472 nostre
390 2436 513 2473 hostel
530 2437 551 2472 a
565 2437 689 2474 Arx-az
709 2443 747 2474 et
769 2438 925 2475 ailleurs
943 2453 958 2472 »
978 2439 1089 2483 (Bibl.
1107 2445 1205 2484 nat.‚
1222 2439 1384 2476 Cabinet
1398 2439 1465 2476 des
1483 2441 1606 2487 titres,

200 2494 335 2530 Pieces
364 2495 586 2541 originales,
609 2497 681 2532 vol.
708 2497 811 2540 1265,
833 2497 980 2534 dossier
1000 2498 1130 2543 28401,
1151 2498 1258 2545 piece
1285 2500 1336 2534 15.
1360 2498 1414 2534 Cf.
1441 2501 1471 2534 le
1490 2500 1606 2545 Sonye

198 2554 386 2597 veritable,
407 2554 595 2590 Me'moz'res
624 2556 665 2590 de
695 2557 730 2591 la
758 2556 891 2593 Socie'tei
919 2557 961 2591 de
990 2557 1174 2591 [Histoire
1204 2558 1245 2591 de
1274 2558 1389 2597 Paris,
1421 2562 1447 2591 t.
1472 2556 1602 2602 XVII,

200 2622 237 2657 p.
261 2610 356 2657 384).

247 2669 279 2705 3.
304 2669 386 2706 Soit
404 2669 438 2706 le
452 2671 495 2707 25
517 2671 622 2717 amit,
643 2681 686 2708 ce
701 2671 765 2719 qui
787 2677 846 2708 est
859 2672 1133 2720 parsaitement
1154 2678 1269 2709 exact
1284 2673 1339 2717 (E.
1357 2673 1473 2719 Petit,
1490 2675 1603 2710 Itine-

200 2730 317 2764 raz'res
337 2730 377 2765 de
398 2731 562 2776 Philippo
584 2733 613 2766 le
629 2731 747 2766 Hardi
766 2736 798 2767 et
817 2732 859 2767 de
871 2734 964 2768 Jean
978 2732 1202 2774 Sans-Pam,
1220 2734 1306 2768 dues
1321 2734 1361 2768 de
1378 2734 1598 2779 Bouryoyne,
