1941 3294
290 240 359 277 252
563 241 933 274 CHRONOGRAPHIA
958 239 1110 271 REGUM
1133 239 1411 271 FRANCORUM.
1583 237 1686 283 [1405

290 325 399 367 runt
417 318 475 365 de
492 317 666 365 Calesio
683 316 814 379 quasi
829 314 1014 362 ducenti
1029 315 1255 362 bachineti
1275 315 1515 361 hominum
1535 333 1688 363 armo-

289 412 417 451 rum,
468 392 722 457 octingenti
761 389 964 455 sagitarii
1003 396 1049 437 et
1087 390 1273 438 ducenti
1308 390 1490 453 pedites
1525 391 1688 438 leviter

287 471 451 519 armati
478 470 536 517 de
564 469 656 518 XXti
682 469 740 516 ad
764 473 882 516 xxxa
908 482 1073 514 currus
1099 467 1467 522 bombardorum,
1496 468 1689 515 trabun-

288 548 501 596 culorum
527 553 573 593 et
598 552 831 593 tractuum
866 542 1043 589 onerati
1076 559 1233 590 secum
1265 543 1544 599 aducentes;
1572 560 1690 606 quos

291 640 455 671 omnes
492 621 779 670 conducebat
818 618 1006 681 quidam
1047 619 1181 665 miles
1222 619 1463 682 Anglicus,
1503 619 1690 665 nomine

288 699 545 749 Richardus
572 697 780 751 Hatonis,
812 695 1131 741 locumtenens
1157 695 1337 742 comitis
1364 695 1422 741 de
1446 695 1691 742 Sombres-

291 781 400 831 set¹‚
431 774 586 821 fratris
606 771 832 826 Henrrici‚
864 771 987 834 regis
1014 771 1194 834 Anglie,
1225 770 1452 833 capitanei
1475 771 1533 818 de
1558 771 1691 818 Kale-

290 852 357 898 sio
385 857 515 914 parte
538 848 747 913 ejusdem
772 846 912 911 regiS‚
937 863 992 894 eo
1012 852 1122 894 tunc
1143 847 1188 894 in
1210 847 1371 911 Anglia
1398 863 1503 894 cum
1525 847 1692 894 eodem

289 926 548 975 existentis.

352 1002 514 1050 Franci
541 1017 655 1048 vero
680 1000 760 1063 qui
787 1016 867 1047 eos
900 1018 924 1046 a
951 1000 1087 1064 longe
1114 1000 1178 1047 sic
1205 1001 1361 1047 venire
1394 1006 1439 1047 et
1465 1001 1523 1047 ab
1550 999 1616 1047 eis
1642 1016 1692 1047 se

289 1078 665 1142 appropinquare
694 1075 931 1132 videbant,
970 1091 1064 1122 non
1097 1092 1145 1122 se
1184 1080 1570 1139 preparaverunt,
1609 1090 1694 1121 nec

289 1156 502 1202 exierunt
540 1153 598 1200 ad
629 1151 955 1199 debellandum
987 1168 1068 1198 eos
1100 1157 1150 1199 ut
1185 1151 1434 1208 debebant,
1471 1151 1553 1198 sed
1578 1150 1694 1198 infra

289 1230 497 1294 predicta
517 1229 687 1275 fossata
708 1244 789 1274 sua
807 1233 853 1274 et
866 1244 1027 1274 earum
1042 1227 1314 1274 declausura
1331 1227 1508 1274 tamdiu
1526 1242 1695 1289 expec-

288 1312 505 1354 taverunt
531 1305 657 1368 quod
682 1321 823 1367 supra
847 1321 901 1351 ea
921 1321 947 1350 a
974 1304 1202 1367 sagitariis
1222 1305 1521 1369 Anglicorum
1543 1309 1695 1351 tractu

290 1383 483 1430 viriliter
508 1381 715 1446 aggressi
742 1387 866 1428 sunt.
890 1385 1015 1428 Tunc
1035 1397 1128 1428 non
1149 1381 1299 1428 solum
1324 1397 1486 1428 omnes
1513 1379 1695 1443 pedites

290 1464 572 1507 Francorum
591 1458 669 1520 qui
690 1458 848 1521 gallice
862 1460 1158 1521 pz'quenaz'res
1175 1457 1465 1513 dicebantur,
1487 1456 1570 1503 sed
1587 1472 1695 1503 cum

292 1536 357 1583 eis
371 1535 529 1598 plures
549 1535 605 1581 de
624 1533 827 1590 Francis,
849 1541 975 1580 metu
996 1533 1287 1597 sagittarum,
1310 1533 1418 1597 fuge
1439 1533 1696 1595 presidium

293 1611 565 1674 quesierunt
594 1628 602 1656 :
633 1615 762 1656 tanta
787 1609 960 1672 quippe
991 1609 1275 1673 negligencia
1304 1611 1505 1655 Francos
1534 1607 1697 1655 subre-

294 1687 395 1751 puit
426 1686 552 1750 quod
582 1693 692 1733 tunc
718 1686 910 1749 quarelli
937 1685 1208 1733 balistarum
1243 1701 1361 1747 quos
1393 1701 1537 1747 penes
1568 1701 1618 1731 se
1649 1683 1694 1730 in

293 1764 478 1812 sterniis
515 1763 703 1827 copiose
744 1762 993 1819 habebant,
1033 1762 1211 1810 balistis
1248 1761 1564 1810 Janniensium
1603 1777 1696 1808 non

292 1847 584 1905 aptaverant.

359 1918 468 1965 Ideo
494 1921 751 1965 Jannenses
781 1916 859 1979 qui
886 1922 1020 1963 antea
1045 1920 1246 1962 tractum
1283 1931 1419 1962 suum
1448 1915 1506 1962 ad
1534 1915 1697 1962 castel-

292 1996 389 2042 lum
419 1993 713 2057 trajecerant,
752 2009 844 2039 non
878 1992 965 2039 nisi
1003 2008 1177 2054 paucos
1211 1991 1461 2054 quarellos,
1497 1991 1577 2054 qui
1609 1991 1698 2038 sibi

293 2075 630 2125 remanserant,
655 2068 868 2132 trajicere
893 2068 1127 2115 valebant.
1158 2072 1324 2115 Tractu
1344 2067 1485 2131 igitur
1512 2067 1698 2115 balista-

294 2163 399 2194 rum
419 2145 738 2194 Janniencium
754 2146 902 2200 finito,
926 2144 1072 2191 multo
1093 2144 1263 2192 sorcius
1282 2144 1458 2208 Anglici
1476 2147 1694 2199 Francos,

295 2240 414 2286 quos
449 2222 567 2270 male
605 2221 845 2269 ordinatos
878 2226 1174 2284 repererunt,
1219 2220 1471 2284 sagitarum
1510 2236 1697 2268 suarum

295 2300 520 2364 grandine
555 2304 861 2354 atteruerunt,
903 2297 1116 2360 quamvis
1153 2297 1284 2344 multi
1319 2313 1482 2344 eorum
1517 2297 1699 2344 fortiter

296 2382 610 2441 repugnantes
644 2375 868 2422 acerrime
901 2374 1257 2422 dimicaverunt.
1296 2373 1471 2437 Anglici
1500 2390 1698 2436 namque

298 2470 461 2501 omnes
503 2453 723 2500 audacter
766 2451 974 2516 aggressi
1019 2457 1126 2498 sunt
1170 2454 1371 2498 Francos
1389 2488 1399 2504 ‚
1446 2467 1564 2513 quos
1605 2467 1697 2496 non

299 2528 591 2576 obstantibus
611 2527 796 2575 fossatis
819 2527 894 2574 ubi
918 2543 1072 2590 pugna
1094 2533 1210 2584 erat,
1240 2527 1499 2574 clausuram
1526 2526 1699 2572 intran-

300 2611 371 2652 tes
390 2605 590 2668 turpiter
611 2605 839 2651 vicerunt.

351 2735 383 2769 l.
407 2734 465 2770 Ou
490 2734 739 2769 Sommerset.
760 2732 815 2768 Cf.
840 2732 1001 2779 Rymer,
1022 2734 1176 2773 Faeclera,
1202 2740 1229 2768 t.
1252 2731 1360 2775 VIII,
1382 2743 1418 2778 p.
1441 2731 1521 2767 397.
