1941 3294
242 290 344 337 1390]
504 294 872 327 CHRONOGRAPHIA
899 294 1051 326 REGUM
1075 293 1354 324 FRANCORUM.
1572 289 1632 324 101

240 376 434 432 munito,
460 376 555 424 dux
574 392 702 423 mare
719 375 909 422 intravit
929 391 1035 422 cum
1055 374 1169 429 suiS‚
1193 390 1393 436 quorum
1417 390 1639 421 numerus

238 459 338 500 erat
367 453 489 501 mille
529 452 976 516 quadringentorum
1010 451 1361 498 bachinetorum
1392 466 1498 497 cum
1535 450 1639 513 qui-

238 529 438 576 busdam
468 528 741 593 sagittariis¹
778 535 823 575 et
849 528 978 591 quasi
1007 527 1131 575 mille
1156 525 1471 575 Janniensium
1499 525 1640 573 balis-

237 606 506 663 tariorum2‚
559 612 604 653 et
646 605 753 653 inde
801 622 942 653 naves
986 605 1271 668 applicantes
1311 604 1358 650 in
1399 603 1635 659 Affricam,

238 687 467 728 venerunt
487 681 545 728 ad
565 687 754 744 portum
781 681 1019 742 cujusdam
1046 679 1259 734 civitatis,
1290 678 1476 725 nomine
1501 679 1639 726 Affri-

237 759 386 814 cam3‚
424 758 469 804 in
505 773 651 821 regno
682 757 855 805 Tunicii
885 758 1019 805 sitam
1056 762 1102 804 et
1129 757 1228 820 regi
1266 755 1474 820 ejusdem
1506 756 1639 820 regni

239 834 511 897 subjectam,
546 833 625 880 ubi
657 834 715 881 ad
744 834 980 896 repulsam
1011 834 1095 881 sibi
1132 833 1386 880 faciendam
1421 848 1640 897 magnam

237 913 596 958 Sarracenorum
623 910 834 973 peditum
861 917 906 958 et
932 911 1140 973 equitum
1165 910 1508 957 multitudinem
1531 926 1641 956 con-

236 993 477 1051 gregatam
497 987 791 1034 invenerunt.
821 991 914 1034 Hec
940 993 1011 1034 est
1036 987 1108 1033 illa
1128 986 1295 1034 Affrica
1314 986 1507 1050 insignis
1528 986 1639 1033 civi-

235 1070 306 1110 tas
338 1079 428 1125 que
454 1078 558 1109 cum
590 1062 727 1109 Suilla
759 1069 804 1109 et
830 1062 1016 1125 Clippea
1049 1061 1314 1108 civitatibus
1348 1068 1393 1108 et
1427 1061 1640 1124 pluribus

235 1139 332 1186 aliis
358 1139 538 1195 castris,
569 1138 747 1186 dudum
774 1145 907 1202 capta
933 1144 1004 1184 est
1034 1154 1120 1201 per
1145 1137 1398 1185 exercitum
1429 1138 1639 1185 navalem

234 1215 438 1279 Rogerii‚
469 1215 665 1262 condam
692 1215 819 1278 regis
847 1215 1039 1271 Sicilie&
1072 1231 1212 1278 quem
1239 1214 1348 1261 olim
1379 1213 1550 1260 direxit
1581 1214 1639 1261 ad

236 1292 351 1338 fines
369 1291 554 1346 Affrice,
578 1290 625 1337 id
652 1296 724 1337 est
749 1291 986 1347 Barbarie,
1017 1296 1067 1337 ut
1094 1307 1178 1337 suo
1197 1291 1299 1338 loco
1326 1290 1542 1354 superius
1568 1295 1639 1337 est

234 1367 448 1414 relatum.

298 1446 516 1492 Armatus
547 1450 701 1491 autem
728 1443 841 1499 dux,
872 1459 978 1490 cum
1007 1443 1174 1491 ceteris
1197 1443 1469 1500 baronibus,
1501 1444 1639 1491 balis-

233 1520 363 1567 tariis
394 1537 448 1568 ac
479 1520 727 1585 sagittariis
759 1526 805 1567 et
838 1520 1060 1568 militibus
1098 1520 1461 1583 circumquaque
1496 1521 1640 1568 comi-

233 1597 345 1644 tanti
352 1597 455 1654 bus,
471 1603 798 1661 processerunt
811 1597 1006 1644 viriliter
1017 1613 1181 1644 versus
1194 1603 1368 1644 terram
1381 1602 1426 1644 et
1440 1596 1639 1644 insultus

235 1675 461 1739 plurimos
479 1682 574 1722 tam
596 1675 870 1739 sagittarum
895 1675 1289 1738 quarelorumque
1313 1674 1639 1722 emissionibus

234 1768 374 1814 quam
400 1751 512 1798 alias
538 1751 757 1798 facientes
783 1758 944 1798 contra
969 1751 1172 1798 hostium
1195 1750 1499 1798 ferocitatem.
1523 1755 1639 1798 Tan-

234 1828 341 1876 dem
373 1828 519 1875 nostri
556 1828 849 1891 prevalentes
884 1828 1174 1874 intraverunt
1211 1833 1256 1874 et
1291 1833 1639 1890 occupaverunt

233 1911 424 1960 terram,
454 1905 664 1952 hostibus
692 1905 910 1967 repulsis,
941 1905 1099 1967 paucis
1131 1910 1401 1951 nostrorum
1432 1910 1478 1951 et
1506 1904 1638 1966 quasi

233 1980 368 2028 nullis
397 1981 649 2027 vulneratis
682 1988 760 2027 aut
792 1981 915 2036 lesis‚
945 1981 1102 2027 multis
1136 1996 1249 2027 vero
1276 1983 1637 2028 Sarracenorum

231 2056 429 2104 letaliter
454 2056 706 2104 vulneratis
731 2063 809 2104 aut
834 2056 1106 2104 interfectis.

282 2199 314 2234 1.
337 2198 389 2234 Le
411 2197 615 2244 Religieux
636 2197 681 2233 de
703 2197 971 2245 Saint-Denys
993 2198 1030 2242 (t.
1056 2197 1087 2243 Ι,
1110 2209 1147 2245 p.
1170 2197 1250 2243 652)
1272 2197 1400 2234 donne
1422 2198 1455 2233 le
1477 2198 1636 2235 nombre

233 2257 411 2293 suivant:
432 2256 536 2300 1,500
558 2257 768 2293 chevaliers
790 2268 838 2293 ou
860 2258 1022 2304 ecuyers
1038 2261 1076 2293 et
1091 2268 1167 2293 une
1186 2258 1315 2293 armee
1336 2256 1633 2293 d'arhaletriers.

234 2316 335 2352 C'est
356 2316 389 2353 le
409 2316 536 2352 meme
557 2315 703 2352 effectif
719 2327 792 2364 que
813 2316 889 2352 l’on
915 2322 1051 2352 trouve
1078 2316 1173 2353 dans
1206 2317 1242 2352 la
1270 2317 1478 2362 Glzronique
1497 2318 1546 2352 du
1569 2319 1636 2353 bon

232 2377 303 2412 duc
324 2377 410 2421 Loys
431 2376 471 2410 de
493 2377 659 2410 Bourbon
682 2380 731 2422 (p.
754 2375 848 2418 2⁶23).

278 2435 311 2470 ⁶2.
335 2435 387 2470 Le
409 2433 615 2480 Religieux
636 2433 680 2469 de
703 2433 967 2481 Saint-Denys
981 2440 1088 2481 porte
1103 2434 1193 2470 bien
1209 2435 1230 2470 a
1247 2434 1352 2479 1‚000
1373 2434 1635 2480 arbaletriers,

233 2492 331 2528 mais
360 2492 383 2528 a
410 2492 519 2535 2000
546 2491 723 2528 hommes
751 2491 911 2528 d’armes
941 2492 975 2528 le
1007 2492 1235 2540 contingent
1263 2493 1390 2529 fourni
1416 2503 1485 2539 par
1506 2492 1636 2529 Genes

233 2551 352 2594 (Ibat,
375 2561 410 2597 p.
433 2549 529 2595 652).

279 2608 312 2645 3.
336 2608 533 2655 Mahdiya,
556 2609 641 2655 pres
662 2607 712 2644 du
734 2619 803 2655 cap
823 2608 873 2644 du
894 2609 1020 2646 meme
1044 2621 1148 2646 nom.

278 2667 311 2703 4.
334 2667 366 2702 Il
387 2667 497 2714 s'agit
515 2667 559 2703 (lc
582 2667 724 2714 Roger,
746 2668 913 2714 premier
933 2668 989 2705 roi
1009 2669 1054 2705 de
1078 2669 1210 2715 Sicile,
1226 2675 1325 2705 mort
1346 2680 1394 2704 en
1413 2669 1499 2706 1154
1517 2674 1555 2705 et
1569 2669 1633 2715 qui

234 2724 359 2761 s'etait
395 2725 682 2763 effectivement
720 2728 874 2773 empare
913 2727 958 2763 de
992 2727 1183 2774 plusieurs
1223 2729 1352 2775 places
1389 2727 1434 2764 de
1474 2728 1511 2764 la
1549 2730 1633 2766 cote

233 2783 442 2831 d’Afrique.
