1941 3294
320 224 387 262 256
592 228 959 261 CHRoNoGRAPHIA
985 226 1136 259 REGUM
1160 225 1436 258 FRANGORUM.
1611 222 1715 267 [1405

317 322 375 352 ex
398 305 485 352 hiis
508 303 725 351 omnibus
750 304 886 351 nichil
913 302 1102 349 omnino
1129 302 1250 358 fecit,
1275 318 1330 348 eo
1350 300 1476 364 quod
1495 301 1596 363 ipse
1619 301 1715 348 dux

314 379 655 427 Aurelianensis
690 385 799 426 tunc
829 378 1038 442 regimen
1073 377 1201 440 regni
1234 376 1435 432 habens,
1476 374 1594 422 sicut
1630 392 1716 438 per

314 457 492 503 litteras
519 472 625 502 suas
652 461 698 502 et
722 453 1038 501 internuncios
1063 452 1325 516 fidedignos
1352 451 1437 498 sibi
1465 450 1716 497 mandave-

313 539 401 588 rat,
433 549 524 580 non
551 531 675 579 misit
701 531 787 578 sibi
814 529 1058 593 pecuniam
1086 528 1144 575 ad
1169 527 1445 575 solvendum
1469 544 1564 575 eos.

377 610 465 657 Sed
493 625 518 656 e
544 623 772 655 converso
800 606 924 652 misit
949 605 996 651 in
1023 605 1298 652 fronteriam
1324 604 1521 651 alterum
1542 603 1718 666 capita-

312 702 468 742 neum,
499 685 671 732 scilicet
697 682 940 729 dominum
965 680 1273 744 Harpedaine,
1298 680 1511 736 militem,
1541 679 1599 727 de
1624 696 1718 742 quo

312 778 454 825 supra
489 760 661 807 mentio
706 758 825 804 facta
870 762 941 804 est
979 762 1025 803 et
1071 773 1177 804 cum
1212 774 1267 804 eo
1307 756 1614 818 marquisium
1658 756 1718 803 de

310 840 472 892 Ponte,
502 836 647 882 filium
680 832 812 880 ducis
837 831 1122 888 Barrensis¹‚
1152 833 1369 879 comitem
1396 831 1720 895 Dampnimar-

308 914 391 960 tini
418 928 523 960 cum
556 911 654 958 aliis
685 926 833 972 usque
866 909 923 955 ad
950 915 1137 956 centum
1169 909 1474 973 quadraginta
1502 908 1720 956 bachine-

310 996 383 1036 tos
425 987 667 1035 hominum
709 1002 967 1032 armorum.
1011 987 1176 1034 Comes
1215 1002 1328 1032 vero
1369 984 1523 1032 Sancti
1568 985 1712 1041 Pauli,

311 1081 480 1129 magno
528 1064 699 1111 rubore
745 1062 986 1125 perfusus,
1031 1061 1279 1108 licensiatis
1331 1061 1426 1108 suis
1474 1078 1500 1107 a
1541 1060 1719 1107 Morino

310 1140 525 1194 recessit;
561 1145 607 1186 et
640 1137 929 1201 Harpedaine
962 1153 1068 1184 cum
1101 1136 1196 1184 suis
1229 1135 1287 1182 ad
1319 1136 1559 1183 Boloniam
1589 1152 1720 1183 acce-

311 1218 426 1265 dens
452 1224 675 1279 tanquam
710 1214 978 1278 capitaneus
1008 1213 1240 1270 Picardie,
1275 1212 1332 1259 de
1363 1218 1461 1259 tota
1494 1212 1720 1259 fronteria

311 1310 472 1341 curam
497 1308 683 1356 gerens,
713 1291 889 1338 ibidem
915 1289 1157 1336 remansit.

376 1374 513 1417 Fama
548 1368 689 1432 igitur
727 1367 863 1430 hujus
899 1365 1138 1412 infortunii
1181 1365 1364 1412 comitis
1403 1365 1557 1412 Sancti
1595 1364 1720 1412 Pauli

313 1446 405 1493 cito
431 1445 490 1492 ad
517 1461 652 1492 aures
678 1443 809 1490 ducis
836 1441 1103 1506 Burgundie
1131 1441 1176 1487 in
1204 1440 1438 1497 Flandria,
1470 1447 1519 1487 ut
1544 1440 1721 1488 dictum

312 1529 404 1580 est,
444 1520 685 1569 existentis
716 1518 957 1582 pervenit,
997 1518 1076 1580 qui
1109 1517 1265 1564 statim
1300 1516 1358 1563 ad
1389 1517 1718 1580 Gravaringas‚

311 1616 402 1661 que
427 1603 497 1645 est
525 1597 583 1644 de
618 1613 702 1643 suo
733 1596 955 1642 comitatu
980 1593 1215 1649 Flandrie,
1245 1593 1504 1642 Johannem
1531 1593 1589 1639 de
1614 1593 1720 1642 Val-

309 1674 475 1729 leolo2‚
494 1673 704 1729 militem,
723 1687 828 1718 cum
850 1669 1117 1717 hominibus
1135 1684 1376 1715 armorum
1396 1675 1442 1715 et
1463 1668 1724 1716 balistario-

310 1767 416 1798 rum
436 1748 719 1797 sufficienter
744 1746 803 1794 ad
829 1744 1185 1794 custodiendum
1214 1744 1369 1791 villam
1390 1744 1536 1801 misit,
1561 1744 1722 1808 paucis

309 1826 522 1875 soldariis
553 1823 819 1880 licenciatis,
856 1823 936 1886 qui
963 1839 989 1868 a
1016 1838 1104 1869 suo
1138 1821 1381 1884 capitaneo
1411 1827 1544 1884 parte
1574 1821 1718 1884 regis,

310 1903 483 1951 scilicet
507 1901 723 1949 Leonello
750 1899 808 1946 de
835 1899 999 1947 Arenis
1028 1898 1327 1962 prisionario,
1353 1898 1466 1945 dum
1486 1898 1588 1961 ipse
1615 1914 1721 1945 cum

311 1980 410 2027 aliis
448 1976 788 2025 valencioribus
825 1975 919 2022 suis
955 1974 1169 2022 soldariis
1208 1973 1333 2036 apud
1371 1977 1494 2021 Mero
1531 1991 1557 2020 a
1596 1973 1721 2020 dicto

311 2055 479 2104 comite
504 2059 671 2100 vocato
696 2051 825 2108 abiit,
855 2050 1030 2098 ibidem
1051 2050 1233 2097 fuerant
1255 2049 1311 2096 ad
1334 2049 1595 2097 custodiam
1615 2065 1721 2097 cum

312 2133 399 2179 illis
426 2130 483 2178 de
508 2130 616 2176 villa
636 2127 835 2177 dimissi.

378 2210 573 2270 Insuper
603 2221 717 2252 vero
751 2203 986 2267 navigium
1017 2203 1318 2265 Anglicorum
1348 2202 1427 2249 ubi
1460 2201 1585 2266 Lxxij
1618 2202 1722 2250 vela

314 2290 448 2332 erant
473 2290 519 2331 et
544 2281 675 2346 quasi
701 2281 862 2328 decem
889 2280 1013 2326 milia
1039 2279 1282 2327 hominum
1307 2295 1566 2336 armorum,
1594 2283 1721 2326 tran-

315 2361 422 2409 sivit
459 2376 545 2424 per
583 2364 688 2407 ante
723 2361 1087 2420 Dunquerquam
1119 2373 1171 2404 ac
1203 2359 1386 2403 Novum
1420 2357 1640 2403 Portum3
1677 2362 1723 2402 et

364 2491 396 2526 1.
421 2490 495 2526 Sur
508 2489 564 2525 les
586 2488 769 2525 relations
790 2486 839 2522 du
860 2485 1033 2533 marquis
1054 2485 1099 2521 de
1122 2486 1223 2522 Pont
1239 2495 1332 2522 avec
1355 2485 1389 2522 le
1410 2484 1483 2521 duc
1504 2484 1721 2531 d'Orleans,

316 2550 399 2586 voir
418 2550 463 2585 E.
485 2549 615 2596 Jarry,
638 2550 673 2583 la
698 2549 756 2583 Vie
776 2548 955 2592 potitique
983 2546 1023 2580 cle
1051 2546 1155 2581 Louis
1184 2546 1225 2581 de
1254 2546 1404 2589 Franco,
1426 2545 1496 2580 duc
1515 2544 1718 2588 ἀὈνῑέαηε,

317 2609 480 2704 9⁶23.qu
500 2667 623 2714 plutot
643 2648 688 2702 de
709 2662 887 2700 Bailleul.

365 2726 399 2763 3.
422 2726 622 2772 Nieuport,
645 2723 806 2760 Flandre
827 2721 1078 2767 occidentale,
1101 2720 1122 2756 a
1145 2721 1187 2757 38
1208 2721 1434 2757 kilometres
1453 2719 1499 2756 de
1520 2719 1684 2767 Bruges.
