1941 3294
339 312 405 347 112
607 314 976 346 CHRONOGRAPHIA
1002 313 1154 344 REGUM
1179 311 1459 345 FRANCORUM.
1630 308 1734 354 [1394

340 411 360 435 <1
393 396 540 438 ratem
565 407 713 447 suam,
741 406 826 437 nec
850 390 947 454 jam
977 389 1069 435 fine
1104 405 1184 435 sua
1211 405 1301 452 ope
1331 387 1477 435 obniti
1506 387 1736 435 valentem

340 487 360 511 ι(
391 466 580 514 tandem
610 465 856 528 aliquando
883 469 1056 520 servet,
1087 464 1240 511 ventis
1264 469 1311 511 et
1336 463 1451 510 mari
1478 463 1732 526 imperans,

339 562 359 587 «
393 549 443 590 ut
471 543 634 606 positis
663 542 925 591 turbinibus
961 540 1111 587 sevire
1137 540 1233 604 jam
1264 540 1457 588 ulterius
1491 539 1733 597 desistant,

339 638 359 663 «
392 636 485 682 quo
517 636 603 682 per
629 619 807 682 placata
838 632 1012 680 equora
1043 622 1090 663 et
1122 616 1281 664 dulces
1317 616 1549 663 immissas
1579 631 1733 672 auras,

340 714 361 739 <x
393 711 477 742 nos
509 711 612 742 cum
647 712 699 742 ea
735 693 860 757 pacis
893 691 1000 738 litus
1040 691 1217 739 tamdiu
1250 691 1565 738 desideratum
1595 707 1737 754 quam

339 790 359 815 a
390 772 605 835 proxime
638 777 895 818 teneamus.
932 770 1096 816 Amen.
1138 772 1306 816 Datum
1341 768 1387 814 in
1422 770 1590 815 Sancto
1625 770 1739 814 Ber-

339 866 359 891 «
392 847 556 904 nardo,
582 847 627 893 in
648 846 858 909 profesto
879 844 1224 902 Pentheoostes,
1249 844 1356 891 anni
1377 843 1558 891 Domini
1578 842 1625 891 Mi
1640 841 1740 892 CCCi

339 943 359 968 (ε
394 922 682 988 nonagesimi
704 920 908 984 quarti1.
944 940 965 965 »

401 1003 562 1046 Totam
604 1014 718 1045 vero
768 996 1013 1060 epistolam
1058 995 1131 1043 hic
1171 996 1313 1044 inseri
1361 997 1605 1044 dimissum
1648 1001 1736 1052 est,

335 1076 441 1139 quia
461 1091 546 1138 per
565 1074 903 1136 subsequentes
925 1071 1249 1120 Universitatis
1270 1072 1538 1119 Parisiensis
1563 1071 1741 1118 litteras

335 1152 526 1199 domino
556 1153 679 1214 Pape
710 1149 911 1197 directas
940 1147 1252 1195 substanciam
1284 1148 1493 1212 ejusdem
1532 1147 1741 1195 studioso

335 1228 505 1292 legenti
548 1227 658 1274 satis
700 1225 965 1273 innotescit.
1011 1226 1217 1282 Quarum
1253 1224 1443 1288 quidem
1481 1224 1739 1271 litterarum

335 1311 470 1352 tenor
496 1303 706 1366 sequitur
731 1308 778 1349 et
798 1307 869 1349 est
896 1301 1017 1348 talis.

404 1401 425 1426 (ι
458 1380 616 1444 Coegit
656 1378 847 1426 tandem
887 1394 998 1435 nos,
1042 1381 1177 1425 Pater
1213 1377 1526 1433 beatissime2,
1570 1376 1741 1426 Christi

340 1476 360 1502 <t
392 1457 527 1512 fides.
573 1455 726 1519 coegit
765 1453 1013 1501 christiane
1055 1453 1290 1517 religionis
1333 1453 1546 1510 devotio,
1592 1453 1743 1517 coegit

342 1553 362 1577 α
395 1532 673 1580 diuturnitas
715 1547 806 1578 non
845 1531 966 1577 ultra
1000 1530 1099 1593 jam
1138 1530 1379 1577 toleranda
1415 1529 1744 1577 nefandissime

342 1629 362 1654 c<
394 1609 538 1673 pestis
559 1607 834 1663 scismatice‚
860 1623 952 1669 que
975 1605 1123 1670 magis
1143 1606 1188 1652 in
1213 1605 1313 1654 dies
1339 1607 1522 1662 crescit,
1550 1606 1745 1653 robora-

344 1705 364 1730 «
397 1691 473 1732 tur
510 1690 648 1748 atque
686 1683 942 1739 invalescit,
981 1682 1165 1729 nemine
1202 1682 1462 1729 remedium
1497 1682 1746 1730 efficaciter

345 1782 365 1807 (ι
396 1767 680 1826 apponente,
717 1760 867 1823 coegit
896 1758 1171 1806 miserabilis
1203 1765 1248 1805 et
1279 1758 1514 1805 horrenda
1545 1758 1746 1806 Ecclesie

346 1858 366 1883 a
399 1845 555 1886 sancte
586 1837 668 1885 Dei
700 1835 965 1892 subverci0‚
995 1852 1049 1882 ac
1074 1835 1339 1898 dissipacio‚
1376 1841 1422 1882 ut
1457 1835 1515 1882 ad
1547 1851 1747 1898 queren-

347 1935 366 1960 (ς
398 1915 523 1972 dam,
560 1914 868 1971 tractandam,
898 1929 1079 1960 necnon
1111 1928 1199 1975 pro
1227 1912 1406 1959 vicibus
1437 1911 1610 1959 nostris
1637 1928 1747 1974 pro-

346 2011 366 2036 «
398 1991 653 2039 curandam
691 1989 891 2037 Ecclesie
932 1987 1154 2035 catholice
1197 1988 1415 2034 unionem
1448 1986 1657 2050 vigilanti
1694 2003 1747 2034 ac

347 2088 367 2113 <‹
399 2068 559 2116 sedulo
577 2066 925 2114 intenderemus
946 2065 1117 2121 animo,
1141 2070 1285 2126 utque
1304 2063 1534 2126 imprimis
1552 2063 1610 2111 ad
1631 2063 1747 2109 hanc

346 2164 367 2189 c<
398 2161 500 2191 rem
527 2142 964 2191 christianissimum
994 2140 1254 2204 principem
1280 2140 1519 2196 Karolum,
1549 2142 1748 2187 Franco-

347 2240 368 2265 «
400 2237 504 2268 rum
535 2236 695 2284 regem
720 2218 1101 2275 illustrissimum,
1131 2234 1185 2264 ac
1211 2217 1378 2264 deinde
1412 2232 1496 2280 per
1524 2216 1623 2280 ejus
1649 2232 1748 2263 me-

349 2316 369 2341 «
400 2295 529 2342 dium
556 2294 613 2341 ad
639 2294 812 2358 ipsum,
837 2294 885 2340 ni
912 2293 1129 2349 fallimur,
1156 2292 1467 2355 aptissimum,
1496 2291 1747 2339 Beatitudi-

349 2392 368 2417 «
402 2389 509 2420 nem
546 2378 751 2419 vestram
788 2370 1025 2434 supliciter
1058 2370 1344 2417 hortaretur.
1387 2368 1529 2417 Movit
1568 2368 1626 2415 ad
1660 2368 1748 2415 hoc

350 2469 370 2494 <1
402 2449 613 2497 debitum
640 2454 800 2495 nostre
829 2446 1132 2510 professionis
1151 2445 1374 2502 officium,
1404 2461 1497 2508 quo
1522 2450 1569 2492 et
1594 2450 1748 2492 vestre

351 2545 372 2571 <z
403 2532 447 2573 et
473 2542 555 2573 sue
581 2524 716 2572 saluti
742 2540 795 2570 ac
820 2523 969 2570 tocius
992 2522 1192 2570 Ecclesie
1217 2528 1432 2569 tenemur
1457 2520 1665 2568 obnoxii.
1695 2523 1746 2567 In

394 2668 429 2764 Ξ.
451 2666 703 2773 {310302133-
723 2726 887 2761 Historia
913 2725 1168 2760 universitatis
1194 2724 1424 2764 Parisiensis‚
1452 2726 1480 2758 t.
1508 2721 1578 2768 IV,
1602 2732 1636 2769 p.
1659 2721 1742 2770 699,

349 2791 386 2822 et
406 2786 609 2831 Froissart‚
631 2783 689 2820 ed.
711 2783 871 2831 Kervyn
891 2782 937 2820 de
958 2782 1214 2828 Lettenhove‚
1235 2786 1264 2818 t.
1286 2781 1378 2827 XV,
1400 2792 1436 2827 p.
1460 2780 1540 2817 370.
