1941 3294
210 258 313 305 1382]
485 259 855 293 GHRONOGRAPHIA
880 260 1033 293 REGUM
1057 259 1335 293 FRANCORUM.
1563 257 1607 293 ‘35

207 357 338 397 rum3
378 339 596 402 misitque
631 338 796 386 ducem
830 338 1094 403 Burgundie
1132 344 1177 385 et
1213 337 1454 385 dominum
1492 340 1610 387 Cou-

207 417 349 465 chiaci
364 417 421 464 ad
442 416 678 464 castellum
695 415 849 463 Sancti
865 415 1101 473 Anthonii,
1121 421 1174 462 ut
1194 415 1492 478 pacificarent
1508 414 1610 462 illos

207 494 266 542 de
292 492 523 541 civitate1.

271 572 477 633 Cumque
502 568 739 616 venissent
770 584 919 631 prope
951 567 1063 615 illud
1095 567 1353 624 castellum,
1383 572 1612 615 venerunt

206 647 264 695 ad
302 663 383 694 eos
418 646 576 709 plures
613 644 872 708 burgenses
912 644 1134 700 civitatis,
1177 643 1256 707 qui
1294 644 1416 691 inter
1456 650 1611 691 cetera

206 723 350 770 verba
385 721 697 784 requisierunt
732 721 798 767 eis
831 720 920 767 tria
958 738 968 767 :
1005 720 1210 784 primum
1241 719 1367 783 quod
1402 719 1463 783 iiij
1500 719 1611 767 bur-

206 814 371 862 genses
396 798 475 861 qui
496 814 581 861 per
599 797 715 843 xvcim
731 797 830 844 dies
850 797 861 843 i
868 796 1158 860 mprisionati
1178 796 1362 844 fuerant
1378 796 1423 843 in
1438 795 1611 845 Castel-

206 875 319 922 letto
340 874 443 938 (sic)
464 874 570 936 quia
593 873 729 920 locuti
752 873 933 920 fuerant
946 873 1004 920 de
1023 873 1396 937 impositionibus
1416 889 1507 936 que
1527 873 1613 919 im-

205 951 516 1014 ponebantur,
544 950 853 997 liberarentur
878 968 903 997 a
930 966 1140 1007 carcere3
1179 949 1454 1002 secundum,
1483 949 1610 1013 quod

205 1045 288 1075 rex
313 1033 494 1075 teneret
518 1027 584 1075 eis
617 1028 869 1090 premissas
903 1043 980 1075 res
1005 1044 1120 1090 quas
1155 1027 1255 1090 ipse
1288 1033 1333 1074 et
1368 1027 1612 1074 consilium

205 1104 303 1168 ejus
334 1104 538 1152 fecerant
564 1111 672 1168 post
697 1104 764 1151 sui
800 1103 1214 1158 consecrationem,
1245 1103 1458 1150 videlicet
1484 1102 1612 1165 quod

205 1197 314 1228 suos
334 1181 561 1228 eximeret
581 1180 793 1228 subditos
814 1181 871 1227 ab
892 1180 1016 1227 omni
1039 1179 1209 1227 auxilio
1229 1184 1274 1226 et
1295 1179 1609 1242 impositione,

205 1263 345 1320 prout
372 1264 502 1304 erant
522 1262 736 1320 tempore
762 1256 914 1304 Sancti
940 1256 1160 1303 Ludovici
1181 1262 1227 1302 et
1246 1256 1443 1319 Philippi
1463 1255 1613 1303 Pulcri

204 1339 251 1380 et
271 1332 398 1396 quod
423 1333 592 1380 amodo
619 1349 815 1397 regnum
833 1333 1024 1380 Francie
1052 1332 1249 1379 liberum
1272 1338 1318 1378 et
1340 1338 1613 1395 exemptum

204 1416 326 1456 esset
345 1409 403 1456 ab
424 1409 551 1456 omni
576 1409 842 1466 exactione;
866 1409 1061 1456 tercium
1082 1408 1209 1471 quod
1232 1425 1316 1455 rex
1336 1408 1614 1472 generaliter

203 1486 444 1534 remiteret
468 1485 623 1533 omnia
644 1485 882 1541 forefacta,
907 1485 1162 1532 occisiones
1187 1491 1232 1531 et
1253 1501 1471 1532 excessus
1492 1484 1613 1531 dicta

204 1562 278 1610 die
315 1568 638 1626 perpetratos3
677 1562 869 1610 ulterius
907 1562 1114 1609 dicentes
1151 1561 1278 1624 quod
1318 1561 1613 1625 propositum

204 1639 533 1686 Parisiencium
563 1645 661 1687 erat
700 1656 848 1702 usque
884 1639 943 1686 ad
978 1645 1180 1686 mortem
1215 1655 1307 1685 non
1341 1637 1614 1701 permittere

204 1732 400 1780 regnum
426 1715 616 1762 Francie
641 1715 821 1763 solvere
845 1716 1002 1763 solitas
1028 1714 1366 1778 impositiones.

270 1795 339 1839 Ex
373 1792 543 1854 quibus
578 1791 827 1855 requestis‚
863 1792 1014 1855 prima
1039 1790 1365 1839 tantummodo
1395 1806 1615 1838 concessa

205 1873 277 1916 est
293 1868 419 1931 quod
437 1868 608 1916 scilicet
628 1868 738 1916 dicti
756 1869 1012 1932 burgenses
1026 1868 1335 1916 liberarentur
1350 1886 1374 1915 a
1389 1867 1611 1931 prisione.

205 1945 304 2001 Quo
338 1943 521 2001 audito,
551 1944 832 1992 parisienses
868 1960 973 1992 cum
1009 1944 1104 1991 suis
1132 1944 1308 1991 malleis
1335 1944 1380 1991 in
1411 1944 1615 1991 maxima

205 2019 497 2067 multitudine
518 2020 803 2085 congregati,
834 2020 1047 2067 abierunt
1065 2020 1110 2067 in
1127 2021 1440 2075 Castelletum,
1467 2019 1616 2066 omni-

205 2097 387 2160 busque
437 2098 589 2160 ruptis
638 2097 903 2145 carceribus
919 2135 930 2151 ‚
978 2113 1143 2144 omnes
1192 2097 1367 2144 ibidem
1411 2097 1617 2144 incarce-

205 2179 332 2220 ratos
354 2179 450 2220 tam
475 2190 562 2236 pro
588 2173 827 2221 latrocinio
854 2174 926 2221 vel
952 2173 1203 2221 homicidio
1235 2189 1377 2236 quam
1408 2189 1497 2236 pro
1531 2172 1616 2220 alia

206 2266 342 2297 causa
357 2250 694 2307 liberaverunt;
710 2251 902 2314 insuper
917 2267 1181 2314 processus,
1200 2251 1391 2314 papiros
1406 2255 1452 2296 et
1469 2249 1615 2313 regis-

205 2331 305 2373 tros
343 2326 517 2373 ibidem
558 2332 772 2389 repertos
817 2326 1002 2390 penitus
1045 2327 1402 2374 dilaniaverunt.
1442 2324 1615 2372 Deinde

205 2401 419 2449 abierunt
444 2401 502 2448 ad
529 2401 705 2448 curiam
731 2402 939 2450 officialis
960 2402 1180 2460 Parisius,
1217 2402 1428 2450 similiter
1450 2416 1615 2448 omnes

254 2555 286 2590 1.
311 2554 361 2590 Le
383 2553 587 2600 Religieux
606 2553 652 2589 de
674 2553 943 2602 Saint-Denys
964 2555 1004 2601 (t.
1026 2554 1059 2600 Ι,
1080 2565 1116 2602 p.
1143 2554 1220 2591 144)
1246 2554 1354 2601 place
1381 2563 1445 2590 ces
1473 2553 1613 2589 evene-

203 2618 330 2649 ments
362 2614 470 2659 apres
502 2612 534 2648 le
563 2618 693 2648 retour
721 2612 766 2648 de
789 2613 940 2650 Rouen.
970 2613 1002 2649 Il
1022 2618 1081 2650 est
1102 2612 1283 2660 probable
1310 2611 1401 2659 qu'il
1427 2611 1507 2647 faut
1526 2622 1614 2658 rap-

203 2678 330 2717 porter
352 2671 641 2707 l'intervention
661 2671 711 2708 du
727 2672 802 2708 sire
820 2672 866 2709 de
886 2672 1016 2720 Coucy
1031 2673 1131 2720 (voy.
1150 2672 1358 2717 Froissart,
1373 2670 1430 2706 ed.
1450 2671 1612 2717 Kervyn

203 2728 249 2765 de
271 2729 525 2776 Lettenhove,
546 2735 572 2766 t.
591 2729 664 2775 IX,
682 2741 717 2778 p.
735 2731 815 2777 447)
832 2731 854 2767 ὲ.
874 2731 910 2767 la
930 2731 1016 2767 date
1039 2731 1136 2768 fixee
1158 2741 1225 2778 par
1245 2736 1355 2766 notre
1376 2729 1608 2777 chronique.
