1941 3294
222 267 326 314 1384]
496 270 866 303 CHRONOGRAPHIA
891 270 1044 303 REGUM
1068 270 1346 303 FRANCORUM.
1575 268 1615 304 61

218 355 332 396 tam.
365 349 708 398 Nichillominus
742 349 800 396 ab
835 366 891 396 eo
927 355 1034 397 sunt
1067 348 1319 395 honorifice
1353 349 1530 411 recepti
1568 366 1621 396 ac

219 425 276 473 de
302 425 375 473 die
394 426 441 473 in
460 426 601 482 diem,
624 432 839 489 tempore
865 442 958 489 quo
984 424 1048 472 ibi
1074 430 1432 488 permanserunt
1452 424 1618 471 enche-

218 501 306 548 niis
343 501 564 565 preciosis
599 502 814 549 honorati
844 518 902 549 ex
934 506 1065 565 parte
1102 500 1182 547 filii
1220 500 1430 565 ejusdem
1468 500 1615 558 ducis,

217 577 402 624 nomine
429 578 556 635 Bien,
586 578 665 640 qui
690 583 790 624 erat
815 577 998 624 circiter
1023 592 1253 624 annorum
1278 581 1403 624 octo.

281 662 443 707 Postea
468 659 684 707 dominus
708 659 922 706 Barnabo
947 658 1183 706 mandavit
1206 658 1272 705 eis
1298 664 1349 706 ut
1374 658 1464 722 ipsi
1490 675 1620 706 man-

216 734 380 782 darent
416 735 540 783 dicto
578 735 768 783 domino
809 735 1050 784 Couchiaci
1088 735 1305 798 quatinus
1341 735 1524 783 veniret
1560 736 1618 783 ad

215 827 321 858 eum
354 828 461 859 cum
497 818 684 861 centum
720 812 943 860 militibus
981 818 1026 859 et
1059 811 1256 860 totidem
1295 811 1526 860 scutiferis
1561 812 1619 859 de

214 887 518 936 nobilioribus
544 894 591 936 et
617 889 783 936 melius
809 889 1034 937 ordinatis
1062 906 1144 937 sue
1171 889 1420 936 societatis.
1445 889 1529 946 Qui
1556 890 1619 936 ita

213 964 401 1021 faciens,
432 981 538 1012 cum
571 966 802 1013 sexcentis
827 966 884 1014 de
912 965 1217 1013 nobilioribus
1241 965 1354 1013 viris
1388 966 1619 1014 exercitus

213 1040 325 1087 abiit
349 1041 687 1099 Mediolanum;
720 1059 921 1105 quorum
955 1042 1208 1089 adventurn
1243 1042 1436 1090 audiens
1468 1042 1619 1090 domi-

213 1133 300 1164 nus
325 1118 555 1177 Barnabo,
583 1119 695 1166 exiit
721 1119 908 1166 obviam
933 1118 999 1166 eis
1024 1124 1155 1165 extra
1181 1118 1416 1165 civitatem
1442 1125 1488 1165 et
1513 1135 1620 1166 cum

213 1209 381 1258 magna
411 1194 562 1242 leticia
593 1195 770 1259 recepit
794 1195 922 1242 eosl.
951 1197 1099 1241 Porro
1124 1194 1172 1241 in
1199 1193 1390 1242 introitu
1421 1194 1619 1242 civitatis

212 1275 323 1316 tunc
356 1275 483 1317 tanta
516 1271 865 1335 ingrediebatur
898 1270 1146 1318 multitudo
1182 1270 1450 1327 hominum,
1491 1270 1617 1333 quod

212 1362 332 1410 pons
358 1346 599 1411 disruptus
629 1349 742 1394 est2.
772 1351 1039 1395 Manserunt
1064 1346 1219 1410 itaque
1245 1347 1292 1393 in
1318 1346 1482 1394 eadem
1507 1347 1620 1394 civi-

210 1428 305 1470 tate
345 1423 502 1486 spacio
543 1423 809 1487 quindecim
849 1423 1032 1471 dierum
1073 1423 1132 1471 ad
1170 1440 1401 1487 expensas
1441 1423 1619 1471 domini

211 1499 448 1556 Barnabo;
474 1505 636 1563 postea
662 1499 880 1547 dominus
898 1499 1112 1547 Barnabo
1139 1499 1267 1547 dedit
1289 1500 1480 1547 domino
1501 1502 1619 1548 Cou-

211 1575 354 1623 chiaci
381 1577 715 1641 quinquaginta
740 1576 865 1623 milia
887 1577 1193 1624 florenorum.

277 1661 403 1706 Tunc
436 1659 612 1706 domini
643 1659 855 1706 Barnabo
891 1665 938 1706 et
968 1659 1228 1717 Couchiaci,
1265 1660 1386 1707 facto
1418 1660 1539 1708 inter
1570 1676 1620 1708 se

211 1734 459 1797 colloquio,
483 1735 710 1782 miserunt
729 1735 906 1783 dictum
925 1737 1156 1783 Matheum
1176 1736 1233 1783 de
1253 1736 1485 1783 Humeriis
1512 1753 1618 1784 curn

211 1810 376 1858 litteris
392 1810 634 1859 credencie
651 1811 710 1858 ad
722 1811 933 1859 civitates
947 1812 1109 1870 Ytalie,
1127 1812 1300 1860 scilicet
1312 1813 1594 1861 Bononiam3
1607 1851 1617 1871 ,

211 1887 513 1944 Florenciam,
531 1889 725 1936 Lucam4
744 1895 789 1935 et
807 1888 865 1936 ad
883 1889 1112 1951 quosdam
1133 1889 1348 1937 dominos
1368 1889 1426 1937 de
1447 1890 1614 1953 patria,

211 1962 382 2010 scilicet
408 1963 713 2026 marquisium
740 1963 799 2010 de
824 1964 1073 2020 Ferrade5‚
1105 1964 1347 2013 dominum
1377 1966 1435 2012 de
1462 1966 1618 2014 Padua

211 2043 256 2085 et
287 2039 517 2102 quosdam
550 2039 664 2086 alios
698 2038 756 2086 de
787 2039 924 2087 bassa
954 2039 1251 2098 Lombardia,
1281 2047 1333 2087 ut
1363 2040 1540 2088 honore
1572 2048 1619 2088 et

211 2203 328 2239 valait
349 2214 419 2240 son
440 2206 636 2241 caractere
650 2204 775 2251 altier,
791 2205 938 2252 malgre
957 2204 1085 2252 lequel
1105 2204 1177 2241 elle
1192 2204 1320 2241 donna
1335 2205 1356 2240 a
1372 2215 1447 2240 une
1462 2204 1619 2241 hatarde

211 2261 257 2298 de
278 2272 348 2297 son
368 2261 480 2307 mari,
502 2262 538 2297 la
558 2261 698 2297 femme
719 2261 768 2297 du
791 2261 938 2298 celebre
959 2262 1059 2299 Jean
1079 2262 1333 2309 Hawkwood,
1357 2263 1462 2308 1‚000
1483 2263 1618 2299 ducats

211 2320 290 2356 d'or
320 2321 353 2356 le
380 2320 467 2366 jour
495 2320 540 2356 de
568 2331 629 2357 ses
657 2331 772 2357 noces
794 2320 1013 2368 (Froissam
1034 2321 1093 2358 ed.
1115 2322 1276 2369 Kervyn
1296 2321 1342 2358 de
1364 2322 1616 2369 Lettenhove,

211 2385 237 2415 t.
263 2379 378 2425 XXI,
400 2391 437 2426 p.
461 2379 555 2421 534).

260 2439 290 2474 1.
314 2437 492 2474 Bernabo
508 2438 687 2474 Visconti
707 2445 816 2487 recut
836 2440 892 2475 les
908 2439 1092 2488 Francais
1106 2440 1127 2475 a
1144 2440 1265 2476 Milan
1282 2439 1377 2476 dans
1399 2440 1434 2476 le
1455 2446 1618 2476 eourant

211 2496 261 2532 du
280 2497 379 2533 mois
400 2496 445 2533 de
463 2497 588 2543 juillet
610 2496 712 2532 1384.

256 2556 292 2593 2.
315 2556 625 2603 Effectivement,
645 2556 678 2592 le
698 2556 909 2604 pont-levis
929 2557 975 2594 de
997 2558 1033 2595 la
1052 2564 1158 2605 porte
1172 2558 1218 2595 de
1234 2557 1390 2595 Verceil
1406 2568 1446 2594 se
1462 2557 1614 2605 rompit.

258 2617 291 2653 3.
316 2616 504 2664 Bologne.

258 2676 292 2711 4.
316 2676 504 2723 Lucques.

260 2735 293 2771 5.
315 2735 368 2771 Le
387 2735 558 2783 marquis
579 2734 625 2771 de
646 2735 818 2783 Ferrare,
838 2736 1007 2783 Nicolas‚
1030 2736 1076 2774 de
1097 2736 1134 2773 la
1154 2736 1307 2773 maison
1329 2735 1474 2774 d'Este.
