1941 3294
479 318 846 352 GHRONOGRAPHIA
873 321 1024 353 REGUM
1051 319 1328 352 FRANGORUM.
1534 318 1597 354 ζ211

198 473 305 521 facit
323 479 367 521 et
384 474 421 521 si
441 473 545 536 quis
565 472 623 520 de
640 473 735 520 suis
752 474 881 520 alteri
906 474 1093 530 faceret,
1112 474 1319 537 graviter
1333 474 1598 536 puniretur,

197 566 481 614 quamquam
507 551 553 596 in
585 549 654 597 sui
682 549 896 598 absencia
925 550 1067 599 multa
1092 551 1453 598 inconvenencia
1481 551 1601 598 irro-

197 633 383 691 gantur.

260 704 478 752 Civitates
515 710 561 751 et
599 709 750 751 terras
789 704 917 751 dedit
958 704 1052 752 suis
1094 703 1217 760 filiis,
1260 703 1510 767 nepotibus
1555 710 1602 752 et

195 779 471 835 baronibus,
514 795 600 826 nec
640 780 881 826 consuevit
919 796 1028 826 suos
1069 779 1280 827 homines
1322 779 1366 828 in
1405 779 1601 842 pecunia

193 862 434 903 numerata
456 855 655 912 solvere,
681 855 764 902 sed
783 855 861 902 dat
881 855 947 903 eis
968 862 1118 903 terras
1138 861 1184 903 et
1198 856 1366 913 officia,
1384 862 1430 903 et
1444 862 1600 903 tamen

193 932 292 979 vult
328 932 454 995 quod
494 938 771 996 preceptum
806 948 942 979 suum
985 933 1156 996 ubique
1197 949 1386 996 semper
1427 933 1599 980 illibate

192 1015 422 1056 servetur.
446 1009 551 1057 Plus
568 1009 692 1056 enim
717 1010 908 1056 timetur
927 1027 952 1056 a
973 1010 1066 1057 suis
1092 1026 1230 1073 quam
1259 1011 1317 1058 ab
1344 1010 1596 1058 extraneis.

191 1085 373 1150 Colligit
402 1086 540 1133 etiam
566 1086 736 1134 multas
769 1087 1032 1134 exactiones
1057 1092 1104 1133 et
1129 1087 1292 1134 taillias
1317 1103 1460 1151 super
1485 1104 1600 1150 gen-

190 1166 261 1209 tes
297 1179 404 1210 suas
429 1168 474 1209 et
498 1163 696 1210 libenter
721 1162 850 1210 videt
876 1169 1161 1210 mercatores
1193 1169 1238 1210 et
1265 1163 1330 1210 eis
1366 1164 1595 1221 favorem,

190 1239 412 1287 auxilium
435 1246 481 1287 et
503 1239 765 1287 libertatem
796 1240 995 1296 confert,
1029 1245 1075 1286 et
1108 1240 1368 1303 specialiter
1390 1241 1594 1288 Francis.

190 1319 240 1363 In
267 1316 504 1380 plerisque
528 1317 652 1364 enim
679 1317 889 1364 solebant
908 1332 1098 1364 currere
1124 1313 1304 1380 gabelle>
1325 1323 1371 1365 et
1396 1318 1600 1365 exactio-

189 1408 289 1449 nes,
319 1409 436 1455 quas
467 1408 630 1440 omnes
661 1392 893 1439 destruxit
919 1409 972 1439 ac
998 1392 1174 1439 remisit
1201 1398 1247 1439 et
1273 1409 1331 1440 ne
1361 1393 1600 1441 solveren-

188 1475 267 1517 tur
290 1470 517 1533 precepit,
548 1469 633 1516 nisi
659 1470 705 1516 in
728 1469 910 1534 magnis
935 1469 1218 1517 civitatibus.

252 1549 397 1594 Nemo
429 1547 515 1594 scit
540 1563 805 1603 numerum,
836 1546 1020 1610 pondus
1047 1563 1133 1594 nec
1158 1563 1426 1594 mensuram
1458 1564 1599 1610 quam

188 1624 352 1687 recipit
372 1624 431 1672 de
449 1623 713 1671 civitatibus
732 1624 942 1670 omnium
963 1629 1196 1671 terrarum
1214 1640 1422 1682 suarum,
1444 1641 1599 1687 neque

187 1699 332 1763 spolia
359 1700 498 1746 missa
516 1699 561 1746 in
581 1716 662 1746 sua
682 1699 867 1746 civitate
894 1699 953 1746 de
975 1701 1256 1756 Semeroam,
1281 1701 1325 1746 in
1351 1717 1441 1763 qua
1470 1701 1598 1747 simi-

187 1776 291 1823 liter
310 1781 460 1823 totum
487 1775 627 1823 mittit
651 1775 880 1839 quidquid
904 1781 1059 1839 potest
1078 1776 1294 1840 colligere
1321 1776 1380 1823 de
1407 1776 1598 1841 gabellis

188 1853 397 1900 omnium
432 1852 779 1916 provinciarum
811 1869 1028 1909 suarum3
1065 1859 1111 1900 et
1141 1859 1369 1916 quantum
1398 1853 1504 1917 [est]
1540 1853 1598 1900 de

186 1931 328 1978 rebus
345 1930 585 1994 preciosis,
610 1930 762 1977 nullus
786 1936 856 1977 est
882 1930 1116 1986 dominus,
1141 1937 1366 1994 quantum
1388 1930 1448 1977 sit
1468 1946 1598 1994 mag-

185 2025 274 2055 nus
304 2008 534 2064 tirannus,
565 2024 649 2054 nec
683 2007 799 2054 alius
822 2008 868 2054 in
897 2007 1087 2063 mund0‚
1120 2008 1199 2070 qui
1233 2013 1393 2071 posset
1425 2007 1597 2055 habere

186 2090 337 2132 tantas
369 2084 560 2132 divicias
593 2101 678 2131 nec
705 2089 803 2131 tam
830 2101 1027 2149 magnos
1054 2085 1298 2132 thesauros
1324 2084 1462 2132 velud
1489 2085 1593 2131 iste.

185 2164 278 2208 Nec
303 2161 475 2208 mirum
501 2167 588 2216 est,
610 2161 717 2224 quia
743 2178 906 2209 omnes
924 2167 1136 2209 tesauros
1164 2161 1495 2209 subterraneos
1517 2161 1597 2223 qui

188 2245 321 2285 erant
353 2237 566 2285 occultati
594 2254 679 2300 per
704 2254 866 2285 omnes
900 2255 1007 2285 suas
1040 2238 1305 2301 provincias
1336 2237 1516 2284 invenit
1551 2244 1598 2284 et

187 2315 364 2362 habuit.
387 2316 520 2362 Anno
536 2331 723 2377 quoque
743 2321 996 2370 transacto,
1022 2315 1197 2361 invenit
1224 2331 1368 2361 unum
1394 2313 1596 2377 lapidem

189 2393 472 2455 preciosum,
506 2407 677 2454 genere
710 2392 1022 2455 saphireum¹‚
1054 2391 1133 2454 qui
1161 2391 1415 2455 vulgariter
1446 2391 1593 2437 balaz's

189 2474 499 2532 nuncupatur,
530 2467 703 2531 quique
730 2469 1020 2532 ponderabat
1046 2474 1233 2515 centum
1259 2474 1304 2515 et
1329 2466 1478 2531 xvijcim
1498 2483 1596 2514 sar-

189 2563 288 2611 gas,
322 2545 445 2594 unde
471 2544 588 2608 vij¹⁶¹n
622 2562 756 2610 sarge
788 2546 961 2594 faciunt
993 2546 1177 2594 onciam
1209 2545 1430 2608 ponderis
1463 2544 1596 2591 istius

191 2623 322 2688 regni
347 2623 520 2670 Gallici.

242 2796 273 2831 1.
296 2795 397 2831 C’est
418 2806 471 2831 un
494 2794 598 2830 rubis
621 2800 658 2830 ct
680 2805 758 2831 non
780 2806 833 2831 un
855 2795 1000 2842 saphir.
