1941 3294
330 351 394 388 104
607 354 977 386 CHRONOGRAPHIA
1001 353 1155 385 REGUM
1178 352 1456 386 FRANGORUM.
1618 348 1726 395 [1392

325 433 458 481 duxit
477 449 638 497 regem
657 432 846 480 Francie
867 437 1131 487 exeuntem,
1155 436 1201 478 et
1220 447 1325 479 cum
1343 429 1538 478 ducibus
1554 430 1725 477 Biturie

325 515 372 556 et
393 507 660 572 Burgundie
682 523 926 570 regressus
951 511 1021 551 est
1040 505 1087 551 in
1108 505 1357 553 civitatem.
1382 504 1520 552 Paulo
1540 510 1648 567 post
1666 505 1724 551 ab

325 585 392 631 eis
432 584 607 647 optime
648 589 894 630 contentus
934 581 1143 637 recessit,
1188 598 1240 628 ac
1281 598 1366 644 per
1404 580 1638 629 Kalesium
1678 579 1723 627 in

325 661 537 725 Angliam
562 660 811 715 remeavit;
845 659 938 705 duo
971 674 1084 704 vero
1117 657 1225 704 dicti
1258 658 1400 705 duces
1431 662 1538 719 post
1565 671 1724 718 regem

325 737 515 785 Francie
541 736 740 784 Parisius
763 734 993 781 abierunt.

389 820 469 867 Die
519 817 802 866 Sacramenti
846 816 1015 864 Altaris
1062 816 1170 862 anni
1213 816 1260 863 Mi
1290 815 1389 864 CCCi
1440 813 1726 878 nonagesimi

327 895 516 943 secundi
530 896 562 951 1,
593 896 712 940 facta
733 899 840 940 sunt
859 892 1103 939 hastiludia
1123 892 1168 938 in
1190 892 1397 955 hospicio
1422 891 1550 955 regio
1571 889 1727 937 Sancti

325 973 467 1027 Pauli,
503 971 581 1018 ubi
609 969 737 1017 multi
763 969 995 1032 principes
1028 975 1074 1015 et
1102 968 1267 1016 milites
1293 967 1722 1015 hastiludiaverunt.

325 1047 454 1094 Circa
479 1062 592 1092 vero
619 1045 780 1092 decem
814 1044 953 1090 horas
988 1050 1095 1105 post
1123 1043 1383 1099 meridiem,
1419 1042 1559 1089 finitis
1585 1041 1726 1088 hasti-

323 1122 477 1178 ludiis,
507 1138 614 1169 cum
640 1121 867 1176 OliveruS,
898 1120 1115 1167 dominus
1141 1119 1199 1166 de
1226 1119 1427 1177 Cliconio
1453 1118 1646 1165 inermis
1668 1117 1726 1164 ad

324 1199 583 1262 hospicium
610 1213 746 1245 suum
771 1214 937 1244 versus
964 1196 1207 1259 Templum
1240 1201 1457 1259 pergeret
1482 1211 1587 1241 cum
1613 1211 1729 1257 pau-

325 1276 407 1332 cis,
437 1291 685 1339 aggressus
711 1280 780 1321 est
812 1291 838 1320 a
863 1276 998 1320 Petro
1025 1273 1082 1320 de
1113 1275 1288 1321 Craone
1314 1272 1475 1328 milite,
1506 1270 1585 1333 qui
1611 1270 1729 1318 mul-

324 1359 397 1399 tos
426 1368 584 1398 secum
609 1356 812 1397 armatos
836 1349 1054 1406 habebat,
1079 1355 1126 1395 et
1145 1349 1414 1396 vulneratus
1433 1348 1479 1393 in
1505 1346 1656 1410 capite
1682 1351 1728 1394 et

326 1429 369 1475 in
404 1434 604 1490 quatuor
638 1427 748 1474 locis
780 1426 1008 1490 corporis,
1046 1432 1185 1488 atque
1220 1425 1391 1472 ibidem
1425 1424 1555 1486 quasi
1591 1423 1729 1470 semi-

326 1512 538 1553 mortuus
562 1503 751 1551 relictus
774 1510 860 1550 est.
891 1505 1054 1549 Postea
1081 1518 1193 1549 vero
1219 1501 1338 1548 infra
1364 1517 1570 1547 mensem
1594 1516 1729 1546 sana-

325 1589 400 1629 tus
427 1588 513 1628 est.
538 1583 684 1627 Porro
710 1583 874 1626 Petrus
897 1579 954 1625 de
980 1581 1157 1626 Craone
1184 1578 1318 1642 fugiit
1338 1586 1383 1624 et
1407 1576 1622 1623 transivit
1646 1577 1727 1622 Se-

326 1673 488 1704 canam
523 1656 580 1703 ad
619 1662 807 1719 portum
836 1656 894 1702 de
925 1655 1155 1707 Nulliaco;
1186 1653 1487 1717 postmodum
1514 1651 1643 1699 multi
1670 1651 1728 1698 de

327 1734 420 1781 suis
446 1733 750 1796 complicibus
774 1732 895 1795 capti
923 1738 1029 1778 sunt
1048 1737 1093 1777 et
1118 1730 1327 1777 decollati
1353 1746 1405 1776 ac
1428 1729 1472 1775 in
1499 1724 1596 1792 i'iijffl*
1620 1744 1730 1790 par-

326 1817 394 1856 tes
414 1808 567 1856 divisi.
591 1808 746 1856 Eciam
770 1808 939 1855 domus
965 1807 1080 1871 ejus,
1105 1824 1195 1869 que
1222 1812 1321 1853 erat
1345 1805 1564 1861 Parisius,
1594 1821 1729 1868 pros-

325 1892 443 1934 trata
469 1892 539 1933 est
564 1892 610 1932 et
636 1885 778 1932 multa
806 1886 863 1932 de
890 1885 984 1932 suis
1009 1884 1190 1931 castris.

389 1971 526 2016 Sexta
552 1968 733 2015 decima
753 1968 827 2014 die
850 1967 964 2031 jullii
986 1966 1214 2029 sequenti,
1242 1967 1357 2012 lecte
1381 1971 1488 2012 sunt
1507 1965 1551 2011 in
1573 1963 1729 2011 Parla-

328 2051 484 2092 mento
514 2045 663 2091 littere
695 2044 984 2091 continentes
1020 2043 1146 2105 quod
1180 2059 1263 2089 rex
1297 2042 1437 2088 dabat
1471 2040 1723 2097 Ludovico,

328 2121 458 2169 fratri
475 2138 577 2177 suo,
594 2121 814 2168 ducatum
832 2120 1253 2174 Aurelianensem2‚
1275 2126 1432 2181 preter
1450 2117 1729 2182 Montargias

375 2291 407 2325 1.
431 2289 516 2326 Ceci
546 2289 689 2335 repond
719 2300 767 2324 au
799 2288 839 2324 13
866 2287 951 2334 juin
982 2287 1084 2323 1392.
1110 2287 1238 2322 Baron
1269 2286 1430 2329 Pichon,
1460 2286 1632 2321 Memoire
1662 2296 1730 2320 sur

326 2350 450 2384 Pierre
470 2349 510 2383 de
533 2348 664 2391 Graan,
688 2358 723 2393 p.
749 2346 805 2390 13,
827 2352 865 2382 et
880 2345 1014 2393 Denys
1036 2345 1242 2393 Godefroy‚
1260 2347 1417 2381 Histoire
1437 2346 1478 2380 de
1500 2345 1650 2381 Charles
1672 2345 1725 2386 VI,

328 2419 394 2452 roy
414 2409 455 2442 de
475 2408 656 2442 Franco...
679 2416 749 2450 par
766 2407 858 2441 Jean
876 2407 1032 2441 Juvenal
1053 2406 1111 2440 des
1135 2405 1271 2446 Ursins,
1288 2415 1323 2451 p.
1342 2404 1421 2441 574.
1445 2403 1500 2439 La
1523 2404 1730 2448 Chronique

327 2468 377 2501 du
397 2467 584 2510 Reliqieucc
603 2466 644 2500 de
663 2465 908 2509 Saint-Denys
931 2465 971 2508 (t.
993 2463 1045 2507 II,
1067 2474 1102 2509 p.
1126 2463 1157 2505 ⁶2)
1180 2463 1255 2499 fixe
1273 2474 1342 2509 par
1361 2472 1495 2498 erreur
1515 2472 1562 2497 au
1585 2461 1627 2496 14
1645 2460 1730 2508 juin

328 2526 364 2560 la
385 2524 471 2560 date
492 2524 537 2559 de
558 2524 764 2560 l'attentat.
788 2523 863 2558 Sur
884 2523 920 2558 la
941 2522 1034 2558 suite
1055 2522 1099 2557 de
1122 2522 1253 2558 Pierre
1273 2522 1317 2558 de
1339 2521 1480 2566 Craon,
1502 2532 1552 2557 on
1572 2520 1728 2556 consul-

328 2590 410 2619 tera
431 2584 466 2619 le
486 2584 564 2619 tres
583 2582 742 2619 curieux
765 2582 897 2617 article
919 2581 964 2617 de
985 2582 1036 2616 M.
1063 2581 1185 2617 Henri
1207 2581 1447 2625 Courteault,
1463 2583 1499 2616 la
1518 2581 1620 2615 Fuite
1635 2582 1667 2614 et
1682 2581 1729 2615 les

327 2647 518 2678 avenlures
539 2644 579 2677 de
599 2643 722 2677 Pierre
743 2643 783 2676 cle
806 2642 926 2677 Graan
947 2652 991 2676 en
1011 2642 1173 2686 Espayne
1194 2641 1450 2685 (Bibliotloeque
1464 2640 1505 2674 de
1522 2630 1650 2674 [Ecoce
1670 2638 1728 2673 des

328 2703 482 2745 charles,
506 2707 530 2736 t.
554 2700 636 2745 LII,
659 2700 784 2736 annee
804 2699 906 2746 1891,
930 2711 966 2745 p.
992 2699 1088 2743 431).

375 2760 409 2795 ι2.
432 2760 506 2796 Les
526 2759 659 2796 lettres
678 2758 723 2794 de
745 2759 902 2794 Charles
924 2757 979 2793 VI
1003 2763 1090 2794 sont
1116 2757 1165 2793 du
1187 2758 1206 2793 4
1225 2758 1311 2805 juin
1342 2757 1444 2793 1392.
1467 2756 1513 2792 E.
1534 2755 1663 2802 Jarry,
1688 2757 1725 2790 la

337 2819 392 2853 Vie
409 2822 585 2864 polusque
604 2820 646 2854 de
667 2819 771 2854 Loztz's
791 2819 831 2853 de
853 2819 998 2857 France,
1023 2819 1092 2852 duc
1112 2817 1313 2858 d'Orleans,
1337 2827 1374 2863 p.
1397 2815 1454 2851 90.
