1941 3294
215 279 427 326 1403-1404]
492 281 861 315 GHRONOGRAPHIA
887 281 1039 313 REGUM
1063 280 1341 313 FRANCORUM.
1545 279 1612 315 233

212 360 513 423 acquisitione
553 357 860 422 qualicunque
904 357 969 405 sic
1012 357 1189 405 confusi
1234 358 1505 405 remeabant
1555 359 1612 406 ad

210 436 450 500 propria1.
479 439 528 482 In
554 449 757 497 quorum
781 433 931 498 viagio
963 433 1112 497 patria
1139 450 1280 495 quam
1311 434 1612 493 transierunt,

211 513 365 561 eundo
391 519 437 560 et
458 510 715 568 redeundo,
739 511 785 558 in
812 511 1012 558 violenta
1038 510 1250 574 captione
1277 510 1543 559 victualium
1569 516 1615 558 et

210 591 406 638 aliorum
426 589 675 645 bonorum,
694 588 951 636 secundum
971 603 1170 644 morem,
1189 587 1387 635 multum
1401 587 1614 651 dampni-

210 666 343 713 ficata
369 671 439 713 est
463 665 522 712 ab
549 664 632 711 eis.

274 743 400 791 Circa
442 741 567 789 idem
606 747 812 804 tempus,
851 741 1065 796 Karolus,
1103 743 1306 787 Navarre
1346 756 1448 796 rex,
1490 739 1616 787 venit

208 819 409 867 Parisius
454 823 500 865 et
549 823 731 865 tantum
783 818 997 865 tractavit
1046 834 1151 865 cum
1200 817 1483 865 consobrino
1527 832 1614 864 suo

205 896 401 952 Kar010,
437 912 548 959 rege
582 895 772 942 Francie
810 902 853 942 et
887 895 976 942 illis
1008 895 1066 942 de
1107 894 1206 959 ejus
1237 900 1366 942 arcto
1399 893 1608 949 consilio,

207 971 330 1033 quod
350 970 543 1018 tradidit
561 970 602 1017 ei
622 970 940 1018 hereditaliter
952 973 1234 1018 Nemosense
1253 971 1485 1018 castrum2
1506 986 1612 1017 cum

205 1048 483 1111 quibusdam
501 1048 600 1095 aliis
618 1048 894 1095 castellaniis
913 1047 1182 1103 convicinis,
1200 1047 1258 1095 de
1273 1047 1442 1110 quibus
1461 1047 1611 1094 omni-

203 1125 292 1172 bus
316 1125 422 1172 fecit
448 1125 685 1182 ducatum,
715 1141 803 1188 pro
828 1142 920 1188 quo
947 1124 1072 1172 idem
1104 1141 1188 1171 rex
1219 1128 1424 1172 Navarre
1456 1124 1610 1171 eidem

203 1202 312 1249 fecit
339 1202 632 1267 homagium3
661 1202 945 1265 insuperque
971 1218 1169 1250 unacum
1201 1201 1326 1249 idem
1353 1218 1437 1249 rex
1466 1204 1611 1248 Fran-

203 1279 270 1326 cie
291 1279 536 1327 tenebatur
560 1279 602 1326 ei
629 1279 810 1327 solvere
831 1278 1028 1326 ducenta
1049 1279 1172 1325 milia
1198 1278 1486 1326 florenorum
1510 1278 1611 1326 auri

202 1356 260 1403 ad
278 1357 485 1403 scutum3
505 1362 551 1402 et
570 1357 654 1402 hec
674 1355 828 1402 omnia
848 1372 935 1419 pro
954 1362 1107 1402 castro
1122 1355 1468 1419 Cesarisburgi4
1483 1355 1608 1418 quod
1637 1399 1652 1408 ,

199 1432 391 1480 tradidit
420 1432 545 1480 dicto
579 1432 677 1497 regi
709 1432 898 1480 Francie
928 1449 1033 1480 cum
1066 1437 1164 1480 toto
1196 1432 1417 1480 comitatu
1448 1432 1612 1480 Ebroi-

200 1510 323 1557 censi
345 1516 391 1557 et
410 1510 709 1574 pertinenciis
735 1509 962 1574 ejusdem,
994 1526 1135 1573 quem
1157 1509 1243 1557 sibi
1265 1509 1541 1557 hereditarie
1565 1515 1611 1556 et

199 1588 457 1635 voluntarie
481 1587 709 1635 concessit
729 1594 774 1634 et
795 1587 971 1634 eisdem
1000 1593 1227 1650 perpetuo
1249 1603 1339 1650 pro
1368 1604 1417 1635 se
1444 1592 1490 1633 et
1516 1586 1610 1633 suis

199 1665 546 1712 successoribus
566 1670 852 1728 spontaneus
873 1664 992 1711 bona
1010 1664 1102 1710 fide
1117 1664 1415 1720 renuntiavit,
1433 1669 1609 1711 totum-

198 1756 290 1804 que
312 1740 387 1804 jus
407 1740 534 1803 quod
555 1740 753 1787 habebat
780 1756 862 1787 seu
888 1740 1060 1787 habere
1086 1746 1270 1803 poterat
1296 1740 1342 1786 in
1367 1740 1607 1803 premissis

197 1822 276 1864 aut
314 1817 468 1880 aliquo
506 1817 846 1880 premissorum
885 1816 931 1863 in
971 1822 1070 1863 toto
1109 1816 1180 1863 vel
1220 1816 1265 1863 in
1304 1822 1437 1880 parte
1472 1833 1607 1881 repe-

196 1893 365 1949 tendis,
398 1893 443 1940 in
474 1894 712 1949 Karolum,
749 1910 910 1958 regem
938 1893 1144 1949 Francie,
1180 1893 1415 1941 transtulit
1442 1910 1608 1957 supra-

196 1970 391 2018 dictum.

259 2047 436 2095 Eodem
476 2063 614 2105 anno,
658 2053 872 2111 tempore
917 2046 1325 2112 Quadragesime5,
1370 2047 1603 2105 Britones,

244 2177 277 2212 1.
303 2176 474 2213 Thomas
507 2176 808 2224 Walsingham,
842 2176 939 2213 dans
973 2187 1043 2213 son
1074 2178 1239 2213 Historia
1270 2178 1386 2212 brevis
1421 2177 1601 2223 (Anqlica,

195 2237 409 2278 Hibernia,
460 2237 774 2279 Normannica...,
824 2247 866 2272 ex
909 2236 1129 2272 Bibliotheca
1177 2237 1367 2273 Guilielmi
1414 2236 1601 2278 eamdem,

194 2306 230 2342 p.
267 2294 362 2340 369),
391 2305 440 2330 ne
469 2294 535 2330 fait
564 2295 705 2342 qu'une
735 2295 851 2332 breve
882 2295 1058 2331 mention
1091 2294 1136 2331 de
1174 2300 1274 2331 cette
1307 2294 1542 2342 expedition.
1571 2295 1604 2331 Il

194 2353 321 2401 ajoute
347 2364 420 2401 que
445 2353 499 2389 les
529 2353 714 2402 Franqais
744 2354 922 2391 s'etaient
950 2354 1086 2391 vantes
1117 2353 1163 2390 de
1191 2364 1324 2400 passer
1352 2354 1406 2389 les
1433 2353 1529 2390 fetes
1556 2354 1602 2390 de

194 2413 291 2449 Noel
312 2423 359 2449 en
380 2419 481 2449 terre
501 2413 674 2460 anglaise
697 2413 757 2458 (cf.
781 2413 942 2461 Rymer,
964 2415 1119 2454 Foedera,
1143 2418 1234 2459 etc.‚
1255 2418 1281 2448 t.
1306 2412 1375 2456 IV,
1398 2424 1433 2459 p.
1458 2413 1528 2459 60).

240 2472 274 2508 ⁶2.
294 2472 501 2518 Nemours,
521 2471 861 2518 Seme-et-Marne,
877 2472 1207 2509 arrondissement
1222 2472 1266 2508 de
1280 2471 1599 2518 Fontainehleau,

193 2530 379 2567 chef-lieu
402 2529 447 2566 de
469 2536 625 2566 canton.
650 2531 864 2567 L’erection
885 2537 943 2568 est
963 2531 1013 2567 du
1034 2531 1054 2567 9
1073 2531 1159 2579 juin
1181 2530 1285 2567 1404.

240 2588 274 2625 3.
307 2588 535 2625 Monstrelet
568 2590 609 2632 (t.
636 2588 668 2632 I,
700 2600 734 2635 p.
767 2589 824 2635 86)
858 2589 1055 2637 reproduit
1089 2600 1131 2626 ce
1161 2599 1324 2636 passage
1354 2588 1508 2636 jusqu’a
1539 2595 1599 2626 cet,

193 2646 362 2690 endroit;
386 2647 422 2683 la
443 2647 541 2683 suite
561 2657 610 2683 ne
631 2646 687 2694 s'y
707 2652 843 2685 trouve
864 2658 945 2695 pas.

239 2706 274 2742 4.
297 2705 535 2753 Cherbourg.

241 2766 274 2802 5.
300 2779 316 2799 «
338 2766 394 2802 La
414 2765 612 2813 sepmaine
632 2764 677 2802 de
697 2765 870 2813 Pasques
890 2765 966 2802 l’an
981 2777 1063 2802 cccc
1077 2770 1195 2812 etun,
1221 2778 1236 2799 ιο
1258 2764 1408 2813 d‘apres
1429 2765 1465 2802 la.
1485 2766 1599 2802 Chro-
