1941 3294
304 300 345 336 14
580 304 947 337 CHRONOGRAPHIA
971 305 1124 337 REGUM
1147 304 1424 338 FRANGORUM.

300 383 516 445 pensavit
541 383 844 440 Ludovieum,
876 383 1067 430 fratrem
1098 383 1289 432 Roberti
1315 390 1360 432 et
1385 384 1515 433 ducis
1539 385 1597 432 de
1619 386 1693 433 Di-

299 459 504 506 rachio1.

363 538 508 583 Porro
546 552 630 583 rex
667 534 930 598 Hungarie,
969 533 1154 598 cognito
1191 536 1260 583 sui
1294 536 1449 583 fratris
1483 535 1689 592 interitu,

297 610 487 657 tristicia
508 616 554 657 et
572 610 733 658 dolore
749 609 904 656 cordis
922 608 1130 667 affectus,
1151 612 1450 675 congregavit
1471 627 1692 675 magnum

297 686 569 743 exercitum,
605 691 745 749 atque
775 684 966 732 consilio
999 687 1309 747 quorumdam
1343 687 1606 751 principum
1635 687 1694 734 de

296 778 441 825 regno
459 761 607 808 Sicilie
627 761 705 824 qui
725 760 862 807 etiam
879 760 1036 808 tristes
1056 768 1187 809 erant
1209 763 1266 810 de
1291 769 1442 810 morte
1458 763 1581 826 regis
1601 763 1689 820 sui,

295 838 482 884 intravit
499 837 698 884 Siciliam
716 837 846 898 quasi
867 853 973 883 cum
990 846 1109 885 xxxM
1129 839 1376 900 equitibus.
1399 842 1497 897 Quo
1512 839 1689 897 audito,

293 912 523 959 Robertus
543 913 815 974 imperator,
840 912 935 959 dux
955 913 1152 961 Dirachii
1178 920 1222 962 et
1248 915 1486 979 Philippus
1502 915 1560 963 de
1577 915 1692 963 Tha-

291 994 422 1035 renta
458 1005 565 1035 cum
600 988 756 1035 multis
793 989 1016 1036 militibus
1049 990 1360 1053 Neapolitanis
1396 992 1599 1039 inermes
1634 991 1693 1039 ad

292 1064 585 1111 salutandum
619 1080 724 1111 eum
757 1064 971 1111 abierunt
998 1065 1183 1112 obviam
1216 1066 1273 1113 ei.
1303 1069 1401 1114 Rex
1428 1083 1541 1114 vero
1567 1071 1692 1114 Hun-

291 1140 418 1203 garie
445 1140 550 1186 feeit
575 1156 656 1187 eos
682 1140 802 1203 capi,
827 1141 1085 1203 ducemque
1104 1141 1302 1188 Dirachii
1322 1142 1575 1206 decapitari
1595 1143 1692 1206 jus-

292 1216 350 1262 sit
384 1215 429 1262 in
463 1216 565 1263 loco
593 1216 672 1263 ubi
704 1216 849 1264 frater
871 1233 983 1264 suus
1009 1218 1322 1281 strangulatus
1348 1218 1515 1266 fuerat.
1546 1222 1691 1266 Porro

290 1290 449 1354 regina
474 1291 699 1348 Johmma,
734 1292 848 1338 scito
879 1291 1081 1339 adventu
1108 1291 1253 1354 ipsius
1284 1292 1411 1356 regis
1439 1293 1688 1357 Hungarie,

289 1366 440 1414 timuit
463 1367 597 1414 valde
624 1384 677 1414 ac
701 1367 890 1414 intravit
915 1384 1043 1414 mare
1077 1384 1183 1415 cum
1208 1368 1375 1415 marito
1401 1385 1503 1426 suo,
1534 1386 1691 1417 senes-

287 1443 424 1499 callo,
464 1444 541 1507 qui
573 1444 828 1491 vocabatur
866 1444 1109 1491 Nicholaus
1151 1444 1208 1491 de
1248 1445 1514 1492 Zachioliis²
1551 1452 1690 1509 atque

286 1519 443 1566 multis
466 1520 564 1567 aliis
590 1525 635 1566 et
658 1520 977 1567 transfretavit
1002 1519 1048 1566 in
1073 1520 1382 1568 Provinciam.

352 1598 477 1642 Tunc
503 1595 782 1651 Ludovicus‚
813 1596 1006 1643 maritus
1036 1596 1151 1660 ejus,
1180 1597 1390 1644 vendidit
1415 1597 1689 1645 Avinionem

286 1674 408 1735 Pape
440 1671 660 1719 Clementi
688 1677 838 1727 sexto,
870 1688 957 1734 pro
982 1688 1148 1736 magna
1175 1673 1479 1736 pecuniarum
1509 1690 1690 1721 somma

287 1764 428 1811 quam
451 1747 576 1795 idem
602 1751 724 1811 Papa
752 1747 840 1795 sibi
866 1748 1292 1796 commodaveratss.
1524 1738 1528 1741 i

350 1827 448 1872 Rex
498 1841 685 1887 quoque
726 1825 973 1889 Hungarie,
1022 1824 1140 1872 facta
1184 1841 1296 1888 pace
1339 1842 1446 1873 cum
1497 1826 1690 1889 prefatis

284 1901 489 1949 Johanna
539 1906 585 1948 et
628 1901 794 1948 marito
837 1900 952 1965 ejus,
996 1917 1240 1965 regressus
1284 1908 1353 1949 est
1395 1902 1441 1949 in
1488 1902 1688 1965 patriam

285 1993 439 2033 suam3
468 1981 514 2024 et
540 1975 646 2038 quia
673 1992 728 2024 eo
754 1982 986 2039 tempore,
1020 1993 1114 2040 quo
1140 1977 1304 2024 eadem
1330 1995 1421 2041 pax
1449 1978 1568 2026 facta
1595 1985 1683 2035 est,

285 2058 418 2099 natus
438 2057 508 2099 est
534 2051 653 2098 filius
674 2051 925 2106 Ludovi00‚
961 2051 1092 2098 fratri
1123 2051 1254 2099 ducis
1281 2052 1339 2099 de
1370 2052 1585 2100 Dirachio
1605 2053 1688 2101 de-

285 2128 449 2183 collati,
480 2144 538 2174 ex
558 2144 704 2174 uxore
725 2144 823 2184 sua,
848 2127 939 2174 filia
959 2128 1152 2175 Roberti
1171 2128 1229 2175 de
1253 2130 1421 2176 Sancto
1441 2129 1684 2188 Severino,

285 2205 469 2252 nomine
494 2203 706 2259 Karolus,
737 2203 810 2249 hic
835 2203 893 2250 de
925 2207 1040 2251 Pace
1066 2204 1217 2251 extitit
1243 2205 1616 2268 cognominatus.

349 2284 493 2327 Porro
519 2279 576 2327 ad
604 2279 897 2343 propositum
923 2280 967 2343 [a
1000 2280 1113 2344 quo]
1149 2280 1268 2328 bene
1300 2281 1497 2344 digressi
1525 2298 1687 2330 sumus

285 2356 542 2414 redeundo,
564 2356 699 2420 hujus
725 2355 884 2419 regine
917 2356 1064 2403 Sicilie
1096 2357 1322 2420 captionis
1357 2363 1402 2404 et
1431 2357 1687 2406 incarcera-

331 2516 363 2550 1.
388 2514 439 2550 Le
468 2513 636 2559 mariage
662 2512 707 2548 de
732 2512 848 2548 Louis
874 2512 920 2548 de
946 2512 1110 2549 Tarente
1137 2517 1174 2549 et
1200 2512 1246 2549 de
1272 2514 1307 2549 la
1333 2513 1437 2550 reine
1455 2513 1601 2551 Jeanne
1622 2518 1685 2550 eut

285 2572 359 2607 lieu
383 2571 416 2607 le
436 2571 480 2607 20
500 2573 588 2606 aout
612 2569 714 2606 1346.

331 2631 367 2667 2.
388 2630 421 2666 N
426 2630 541 2666 icolas
561 2628 780 2666 Caraccioli.

333 2690 366 2725 3.
390 2689 568 2735 Avignon
589 2687 646 2723 fut
666 2686 790 2724 vendu
811 2699 857 2723 au
880 2698 974 2734 pape
998 2699 1064 2735 par
1086 2688 1120 2724 la
1141 2689 1246 2725 reine
1265 2689 1414 2726 Jeanne
1433 2700 1480 2726 en
1502 2690 1605 2728 1348.
