1941 3294
287 312 330 348 16
556 313 927 347 CHRONOGRAPHIA
951 311 1104 344 REGUM
1128 310 1406 344 FRANGORUM.
1576 305 1679 352 [1381

287 393 481 449 Othone,
506 392 673 439 marito
698 408 800 448 suo,
830 391 908 454 qui
932 395 1042 437 tunc
1061 395 1162 436 erat
1185 405 1328 451 super
1346 402 1554 450 campos,
1583 386 1685 449 ipsa

287 483 336 514 se
361 467 580 515 redderet
611 483 716 514 cum
747 472 846 513 toto
874 480 1019 528 regno
1049 480 1133 512 suo
1164 463 1222 511 ad
1249 463 1535 510 voluntatem
1564 460 1686 525 ejus-

288 542 395 590 dem
415 543 572 591 Karoli
585 543 618 590 ¹.

352 629 477 673 Tunc
489 626 649 690 regina
666 624 903 672 mandavit
917 622 1102 679 Othoni,
1120 623 1288 670 marito
1301 639 1402 678 suo,
1417 627 1463 669 et
1480 620 1686 669 Roberto

287 701 346 748 de
366 701 597 759 Arthesio,
629 701 709 763 qui
740 706 850 747 tunc
877 704 977 746 erat
1001 698 1049 745 in
1083 698 1302 746 comitatu
1328 696 1575 746 Albanensi
1601 695 1687 743 sibi

286 777 537 840 pertinenti
563 777 741 824 ratione
773 775 973 832 ducisse,
1003 774 1163 821 uxoris
1197 790 1302 831 suez,
1331 774 1410 836 qui
1436 772 1684 827 Robertus,

286 853 375 900 hoc
405 852 587 909 audito,
625 851 737 899 abiit
772 851 897 914 apud
932 851 1303 898 Aversanensem
1338 850 1573 897 civitatem
1609 847 1689 895 ubi

287 934 386 976 erat
411 929 547 986 Otho,
583 927 814 989 simulque
851 931 1255 991 congregaverunt
1288 925 1501 973 homines
1535 940 1690 972 armo-

287 1020 393 1051 rum
417 1020 565 1066 usque
585 1003 643 1050 ad
664 1019 910 1050 numerum
930 1001 1053 1049 mille
1078 1002 1387 1050 ducentarum
1403 1001 1685 1049 lancearum.

287 1080 459 1128 Deinde
491 1079 780 1136 recedentes,
818 1084 1049 1127 venerunt
1079 1077 1137 1125 ad
1171 1083 1377 1126 castrum
1405 1077 1559 1125 Sancti
1592 1076 1691 1124 Tri-

288 1156 424 1214 mei2,
459 1155 585 1219 quod
622 1162 722 1204 erat
759 1155 920 1220 regine
963 1155 1189 1211 Johanne,
1229 1154 1407 1201 distans
1442 1171 1468 1201 a
1500 1152 1691 1216 Neapoli

288 1232 420 1295 quasi
454 1248 541 1296 per
571 1231 884 1288 semileucam,
913 1230 993 1278 ubi
1026 1247 1075 1278 se
1106 1230 1380 1277 locaverunt
1407 1229 1482 1277 die
1509 1229 1693 1276 veneris

288 1308 530 1372 previgilia
555 1308 710 1356 Sancti
735 1307 992 1364 Laurencii‚
1015 1306 1172 1370 ibique
1192 1311 1519 1354 remanserunt
1543 1321 1692 1368 usque

288 1385 348 1433 ad
374 1384 656 1432 dominicam
681 1389 971 1446 sequentem.

355 1470 452 1525 Qua
477 1466 596 1522 die3,
623 1465 847 1513 ordinatis
873 1465 1060 1512 aciebus
1085 1470 1131 1511 et
1157 1464 1340 1512 statutis
1365 1480 1453 1526 pro
1478 1469 1694 1527 antegar-

291 1543 366 1590 dia
417 1542 608 1590 domino
650 1542 830 1590 Othone
871 1547 918 1588 et
959 1541 1198 1603 marquiso
1244 1540 1303 1588 de
1344 1540 1689 1595 Monteferrato,

291 1625 461 1682 nepote
505 1635 613 1675 suo,
658 1618 738 1681 qui
781 1624 891 1666 tunc
934 1623 1032 1665 erat
1076 1617 1208 1680 quasi
1250 1616 1339 1664 XXti
1380 1632 1609 1664 annorum
1649 1621 1695 1663 et

292 1696 480 1743 domino
511 1695 718 1743 Roberto
749 1694 807 1741 de
838 1693 1053 1742 Arthesio
1082 1710 1168 1756 pro
1198 1693 1508 1757 retrogardia,
1543 1708 1696 1739 reces-

293 1777 453 1819 serunt
476 1771 582 1818 inde
607 1777 653 1818 et
672 1776 903 1817 venerunt
922 1776 1083 1817 contra
1103 1769 1429 1832 Neapolitanos
1455 1768 1534 1831 qui
1555 1768 1696 1815 etiam

292 1847 492 1894 ordinati
517 1847 726 1894 exierant
751 1851 913 1893 contra
939 1862 1042 1901 eos;
1073 1861 1272 1907 cumque
1297 1845 1471 1909 egressi
1497 1845 1693 1892 fuissent

292 1922 350 1969 de
370 1922 574 1979 castello,
599 1927 766 1969 ventus
786 1921 1038 1968 vehemens
1063 1926 1255 1984 repente
1285 1920 1595 1976 exsurrexit&
1616 1919 1693 1982 qui

342 2089 374 2124 1.
396 2087 451 2122 La
472 2088 573 2122 treve
593 2085 649 2121 fut
668 2085 825 2122 conclue
845 2085 879 2121 le
899 2085 943 2121 20
963 2088 1054 2120 aout
1071 2084 1250 2132 jusqu’au
1271 2085 1330 2128 24,
1352 2083 1498 2130 d'apres
1519 2083 1573 2120 les
1597 2084 1696 2120 Gior·

293 2147 374 2181 nali
404 2145 643 2190 Napocttam·;
676 2143 773 2179 mais
811 2143 865 2179 les
896 2144 1057 2178 Annales
1091 2144 1347 2178 Bonincontrz'i
1380 2143 1458 2188 (ap.
1497 2141 1696 2188 Muratori,

294 2209 321 2239 t.
344 2203 458 2249 XXI,
482 2203 552 2239 col.
574 2204 630 2249 41)
653 2203 799 2249 parlent
819 2202 931 2238 d'une
953 2203 1055 2237 treve
1075 2201 1120 2237 de
1142 2206 1264 2237 trente
1280 2201 1399 2248 Jours.

343 2269 377 2305 2.
397 2282 411 2302 α
429 2268 510 2304 Alli
529 2268 574 2304 24
596 2268 641 2303 de
662 2272 806 2314 agosto,
821 2267 891 2303 che
911 2277 973 2302 era
994 2266 1158 2302 l'ultimo
1178 2265 1223 2301 de
1244 2265 1279 2301 la
1299 2270 1443 2311 tregua,
1460 2275 1582 2301 venne
1597 2263 1697 2300 Otho

298 2341 314 2361 «
338 2327 385 2363 da
406 2327 510 2363 Sant'
526 2327 664 2362 Eramo
686 2336 756 2362 con
774 2331 871 2361 tutte
891 2325 924 2361 le
945 2336 1012 2360 sue
1031 2331 1143 2372 gente
1164 2325 1209 2360 de
1229 2335 1347 2370 arme,
1364 2335 1384 2359 e
1399 2323 1434 2359 fo
1449 2323 1494 2359 de
1509 2323 1696 2359 sabbato»

297 2387 479 2432 (Giornaci
498 2386 725 2431 Napolitani,
749 2395 809 2431 ap.
832 2383 1033 2430 Muratori,
1053 2389 1080 2420 t.
1103 2383 1220 2430 XXI,
1241 2383 1311 2419 col.
1336 2383 1452 2429 1043).

343 2449 376 2485 3.
402 2463 418 2482 «
438 2449 469 2484 E
492 2448 527 2484 la
547 2448 743 2485 domenica
769 2447 838 2484 che
858 2447 894 2484 fo
915 2447 943 2483 il
963 2447 1000 2483 di
1022 2447 1067 2484 de
1088 2447 1205 2484 Santo
1226 2447 1467 2484 Bartolomeo
1496 2446 1571 2483 ben
1598 2451 1698 2482 mat-

298 2522 313 2542 «
336 2509 430 2553 tino,
451 2507 585 2544 ordino
613 2512 669 2544 tre
696 2506 843 2543 schiere
864 2507 909 2542 de
930 2518 995 2542 sue
1016 2507 1119 2554 genti
1142 2520 1157 2540 »
1182 2507 1364 2552 (Gz‘ornali
1383 2507 1610 2551 Napolitani‚
1634 2515 1695 2552 ap.

296 2566 494 2609 Muratori,
516 2571 543 2601 t.
568 2565 681 2612 XXI,
709 2565 779 2601 col.
809 2565 925 2611 1043).
956 2565 1118 2601 Suivant
1146 2575 1187 2601 ce
1216 2570 1331 2612 texte,
1358 2564 1503 2601 Robert
1529 2563 1696 2599 d'Artois

296 2624 554 2661 commandait
580 2635 629 2661 en
657 2623 744 2660 effet
763 2624 798 2660 le
818 2624 1012 2660 troisieme
1032 2635 1153 2672 corps,
1176 2624 1274 2661 alors
1296 2623 1462 2671 qu’Othe
1482 2623 1529 2659 de
1548 2622 1696 2658 Bruns-

303 2682 401 2718 wick
420 2682 542 2718 s'etait
562 2682 636 2718 mis
656 2682 678 2718 ὲ.
697 2681 734 2718 la
753 2683 829 2718 tete
849 2681 901 2718 du
922 2682 1100 2729 premier.

350 2748 383 2783 4.
409 2761 424 2781 «
446 2748 475 2783 E
494 2747 581 2795 quel
601 2747 639 2783 di
660 2747 699 2784 fu
720 2758 797 2784 una
816 2758 909 2795 gran
929 2752 1118 2795 tempesta
1138 2747 1295 2795 d'acqua
1314 2758 1334 2784 e
1354 2751 1468 2784 vento
1491 2760 1507 2780 »
1532 2745 1667 2792 (wid.)-
