1941 3294
198 285 300 331 1399]
472 288 842 321 CHRONOGRAPHIA
868 288 1020 320 REGUM
1043 288 1322 321 FRANCORUM.
1529 287 1595 324 169

258 368 325 412 Eo
348 382 534 429 quoque
559 364 606 411 in
627 364 844 411 Hibernia
867 381 974 412 cum
992 364 1199 412 exercitu
1218 365 1462 423 existente,
1488 383 1596 429 pre-

194 442 314 489 fatus
340 442 433 489 dux
463 440 712 489 Henrricus
742 434 941 505 a'regno
976 441 1133 497 Gallie,
1164 441 1241 488 ubi
1273 442 1368 489 fere
1400 459 1485 506 per
1513 459 1595 489 an-

193 534 305 565 num
354 518 622 566 exulaverat
675 517 722 564 in
779 518 1042 581 sumptibus
1096 517 1260 581 regiis,
1314 524 1364 565 ut
1418 519 1593 566 dictum

193 600 264 642 est
299 610 460 657 supra,
502 609 662 640 mense
696 593 859 656 juli01‚
890 611 1010 641 anno
1042 594 1310 657 supradicto
1344 612 1369 641 a
1401 595 1590 651 Karolo,

192 686 303 733 rege
322 673 606 717 Francorum
631 674 676 716 et
702 670 889 716 Francis
908 670 1172 717 licenciatus
1192 676 1331 733 atque
1356 671 1595 734 granditer

193 746 506 802 encheniatus‚
537 744 775 809 egreditur
802 752 998 808 propter
1023 751 1224 794 mortem
1255 747 1402 809 patris
1429 748 1516 805 sui,
1547 747 1594 794 in

190 823 401 886 Angliam
427 838 704 869 reversurus
730 828 775 868 et
805 838 911 869 cum
938 822 1128 870 domino
1154 839 1256 880 suo,
1283 824 1464 887 prefato
1484 840 1595 888 rege

189 899 437 954 Richardo,
481 905 531 946 ut
571 898 770 953 dicebat,
806 899 864 945 de
904 899 990 946 hiis
1032 916 1122 962 que
1163 899 1220 947 ad
1258 917 1425 963 pacem
1465 907 1588 960 sunt,

187 976 385 1023 Domino
413 976 727 1040 permittente,
757 980 1057 1024 tractaturus.

252 1052 337 1109 Qui
375 1068 482 1099 cum
519 1051 565 1098 in
607 1051 909 1115 Anglicanum
950 1051 1057 1099 litus
1096 1051 1413 1115 applicuisset,
1456 1053 1590 1118 hujus

185 1128 327 1192 regis,
352 1128 528 1176 domini
549 1128 636 1183 sui,
661 1135 788 1176 metu
815 1128 1019 1184 deterso,
1044 1129 1462 1177 concomitantibus
1482 1146 1588 1178 eum

181 1207 352 1267 juvene
384 1205 551 1252 comite
583 1205 862 1262 Arondelli2,
898 1205 1071 1252 Thoma
1103 1205 1472 1270 archiepiscopo,
1509 1224 1591 1270 pa-

185 1287 292 1328 truo
321 1280 436 1344 ejus,
467 1287 516 1327 ut
546 1280 722 1327 dictum
755 1286 842 1337 est,
872 1281 1087 1343 deposito
1118 1287 1166 1327 et
1196 1281 1398 1337 exulato,
1435 1283 1590 1330 statim

184 1356 403 1404 ducatum
427 1357 572 1420 patris
597 1357 668 1404 sui
693 1357 875 1404 noviter
898 1357 1120 1414 defuncti,
1144 1357 1484 1405 habitatoribus
1501 1359 1589 1406 sibi

183 1440 350 1497 sponte
376 1433 759 1490 assencientibus,
785 1433 1111 1481 auxiliantibus
1138 1451 1245 1481 eum
1271 1434 1389 1482 duce
1414 1436 1590 1483 Ebora-

182 1510 324 1568 censi,
368 1511 710 1558 locumtenente
748 1510 871 1574 regis
911 1511 1144 1566 Richardi‚
1189 1513 1441 1575 marquisio
1473 1515 1591 1559 Dor-

182 1587 371 1644 cestrie,
420 1586 703 1642 admiraldo,
755 1587 1030 1649 postpositis
1081 1604 1245 1635 eorum
1290 1588 1584 1651 juramentis,

182 1663 351 1711 comite
390 1663 447 1710 de
481 1663 879 1711 Nothumbreland
917 1669 964 1710 et
1002 1663 1096 1710 filio
1134 1664 1250 1727 ejus,
1292 1665 1491 1712 Henrico
1529 1665 1587 1712 de

181 1739 394 1787 Persiaco
435 1745 574 1802 atque
615 1739 784 1786 comite
818 1738 876 1785 de
914 1739 1351 1796 Westmarielande‚
1395 1756 1587 1788 manum

181 1816 304 1880 regis
330 1815 626 1879 infringendo
653 1815 846 1862 saisivit.

245 1892 341 1940 Hiis
390 1892 608 1939 omnibus
652 1892 879 1939 unasimul
923 1892 1219 1940 venientibus
1268 1899 1375 1940 ante
1425 1893 1583 1941 villam

179 1969 453 2025 Brestodii3,
473 1969 570 2034 iiijor
587 1969 833 2016 consiliarii
848 1969 972 2033 regis
993 1970 1191 2033 predicti
1208 1970 1252 2018 in
1269 1988 1320 2018 ea
1336 1971 1421 2019 sibi
1445 1972 1585 2038 resis-¹

177 2053 277 2094 tere
296 2046 511 2101 nitentes,
536 2046 743 2093 frustrati
765 2052 889 2101 sunt,
917 2047 1041 2109 quia,
1062 2047 1168 2094 villa
1192 2054 1361 2111 sponte
1381 2048 1581 2105 reddita,

178 2123 300 2186 capti
321 2129 428 2170 sunt
445 2128 491 2170 et
511 2122 644 2169 simul
666 2122 894 2179 decollati,
919 2129 1118 2186 excepto
1140 2125 1381 2172 Guillelmo
1404 2125 1580 2189 Bagod,

176 2200 255 2262 qui
281 2199 603 2246 nichilominus
630 2199 866 2247 modicum
893 2205 1000 2263 post
1027 2200 1282 2249 decollatus
1303 2208 1391 2249 est.
1423 2202 1581 2249 Trium

176 2293 290 2323 vero
322 2275 585 2339 primorum
618 2275 767 2339 capita
799 2276 1087 2324 Londoniam
1120 2284 1229 2325 sunt
1261 2277 1411 2325 delata
1446 2284 1491 2325 et
1524 2295 1582 2325 ex

176 2357 309 2416 parte
326 2351 435 2399 dicti
455 2350 665 2399 Henrrici
685 2352 791 2399 novi
814 2352 945 2400 ducis
964 2352 1217 2402 Lincestrie
1242 2355 1287 2401 in
1308 2354 1455 2402 calato
1476 2354 1581 2402 albo

225 2483 256 2517 l.
280 2482 334 2517 La
355 2482 581 2527 Chronicque
595 2483 636 2517 de
657 2485 694 2518 la
715 2486 856 2518 traison
871 2487 902 2518 et
917 2488 1013 2519 mort
1030 2485 1072 2519 de
1085 2485 1237 2520 Richart
1251 2485 1346 2520 deust:
1361 2485 1408 2530 (p.
1427 2484 1482 2526 33)
1505 2484 1581 2519 fixe

175 2551 224 2576 au
243 2541 342 2576 mois
363 2540 490 2576 d‘aout
512 2540 545 2576 le
566 2540 868 2588 debarquement
888 2541 936 2577 du
958 2541 1054 2586 duc;
1076 2553 1126 2579 en
1148 2543 1295 2589 realite,
1316 2549 1353 2579 et
1375 2554 1525 2579 comme
1546 2543 1580 2579 le

174 2599 229 2635 dit
249 2606 360 2636 notre
380 2605 499 2644 texte,
521 2599 547 2635 il
569 2599 710 2635 ahorda
731 2600 765 2636 le
780 2600 825 2637 22
837 2600 964 2648 juillet
979 2601 1001 2636 a
1018 2601 1274 2649 Ravenspurn
1293 2603 1414 2647 imm„
1430 2613 1464 2648 p.
1483 2602 1578 2647 ⁵291).

220 2658 256 2695 2.
280 2658 356 2695 Sur
385 2659 420 2695 le
447 2659 564 2705 jeune
592 2658 761 2695 Thomas
791 2659 1017 2707 d'Arundel,
1047 2662 1130 2698 voir
1156 2662 1200 2697 B.
1223 2661 1438 2705 Williams,
1467 2663 1580 2698 Chro-

175 2721 303 2763 nicque
321 2719 362 2753 de
384 2721 421 2754 la
443 2721 586 2754 traison
607 2722 638 2753 et
658 2722 755 2754 mort
774 2720 816 2754 de
834 2721 986 2756 Richart
1006 2721 1112 2763 deum,
1136 2732 1171 2768 p.
1198 2721 1277 2767 160,
1299 2726 1388 2757 note
1410 2723 1451 2756 in
1470 2723 1554 2765 fine.

221 2776 253 2813 3.
277 2775 437 2813 Bristol.
