1941 3294
367 319 411 355 66
638 322 1007 357 CHRONOGRAPHIA
1032 322 1185 355 REGUM
1208 323 1487 356 FRANCORUM.
1656 319 1760 367 [1383

365 401 532 449 ducem
568 403 966 466 suspicabantur1.
1007 405 1110 449 Dux
1148 418 1335 466 quoque
1371 402 1479 450 inde
1518 402 1762 466 egrediens

365 477 477 524 abiit
497 478 794 526 Predicadel²
820 485 866 526 et
891 479 949 525 ab
977 477 1187 541 ejusdem
1209 479 1297 526 loci
1321 478 1489 526 comite
1518 478 1762 542 magnifice

364 561 609 618 susceptus
634 561 723 602 est.

427 633 526 688 Quo
546 637 700 678 autem
721 631 817 678 dux
836 629 1056 678 tendebat
1076 646 1238 678 omnes
1258 631 1442 694 penitus
1464 629 1758 694 ignorabant,

361 705 468 753 licet
501 707 692 770 quidam
728 708 936 755 dicerent
971 706 1100 769 quod
1133 723 1409 755 reversurus
1444 713 1566 754 esset
1599 723 1764 754 versus

361 783 631 831 comitatum
656 784 714 830 de
739 783 936 839 Fondis3
965 782 1094 846 cujus
1123 783 1313 846 quidem
1340 782 1522 831 comitis
1548 782 1691 830 filiam
1715 788 1764 830 et

361 858 582 906 heredem
603 859 783 907 sororio
801 876 902 916 suo,
925 859 1055 906 fratri
1076 860 1235 907 uxoris
1253 877 1353 916 sue,
1370 860 1569 907 Henrico
1584 859 1764 906 minore

360 940 471 981 natu
490 934 584 981 filio
608 935 728 982 bone
751 934 977 981 memorie
997 934 1152 981 Karoli
1173 935 1231 982 de
1250 935 1396 982 Blesis
1414 934 1613 982 condam
1633 934 1764 982 ducis

360 1009 592 1057 Britannie
617 1010 812 1058 dederat
831 1011 1077 1058 uxorem3.
1102 1010 1307 1074 Indeque
1332 1011 1574 1067 recedens,
1598 1010 1764 1058 obvios

359 1086 519 1134 habuit
552 1087 755 1144 Italicos,
795 1087 874 1151 qui
910 1093 1042 1134 erant
1075 1087 1133 1134 de
1170 1093 1304 1151 parte
1340 1087 1496 1135 Karoli
1531 1087 1678 1150 regis,
1717 1086 1763 1133 in

359 1163 651 1211 multitudine
676 1163 865 1227 copiosa
890 1163 1033 1226 etqui
1059 1163 1208 1226 parati
1235 1168 1366 1210 erant
1385 1163 1444 1210 ad
1469 1162 1763 1225 preliandum

358 1245 519 1287 contra
550 1256 675 1287 eum.
710 1243 809 1298 Quo
841 1240 1023 1297 audito,
1060 1256 1169 1287 suos
1200 1239 1433 1286 ordinavit
1463 1239 1521 1286 ad
1554 1254 1764 1302 pugnan-

358 1316 488 1372 dum,
518 1317 709 1364 tradens
739 1317 960 1364 vexillum
992 1333 1130 1364 suum
1160 1316 1218 1363 ad
1250 1315 1550 1379 bajulandum
1581 1314 1765 1362 cuidam

358 1392 490 1439 militi
526 1393 746 1450 PicardO,
781 1393 1068 1440 cambellano
1106 1409 1216 1448 suo,
1257 1391 1444 1439 nomine
1479 1391 1668 1439 Morello
1705 1390 1764 1437 de

357 1469 578 1526 Wissant‚
601 1469 760 1532 nepoti
781 1486 839 1516 ex
860 1475 994 1533 parte
1019 1469 1182 1516 matris
1207 1468 1383 1515 domini
1407 1467 1760 1524 d'Audenehen,

357 1545 556 1593 condam
590 1546 847 1593 marescalli
871 1545 1108 1593 Francie4.
1136 1545 1311 1593 Deinde
1345 1544 1543 1609 supplici
1577 1545 1763 1592 hortatu

406 1680 439 1715 1.
462 1679 652 1716 Froissart
673 1680 745 1726 (ed.
768 1680 928 1727 Kervyn
948 1679 993 1715 de
1015 1679 1268 1726 Lettenhove,
1290 1685 1317 1716 t.
1340 1679 1414 1726 IX,
1435 1690 1472 1726 p.
1495 1679 1578 1726 465,
1600 1683 1636 1715 et
1655 1684 1683 1715 t.
1707 1677 1763 1725 X,

355 1747 392 1783 p.
416 1737 494 1783 304)
518 1748 566 1773 ne
588 1737 656 1773 fait
676 1748 743 1784 pas
769 1737 935 1774 allusion
958 1737 979 1773 a
1000 1748 1042 1774 ce
1073 1737 1298 1784 sentiment,
1320 1742 1404 1773 tout
1433 1748 1483 1773 en
1513 1742 1764 1784 remarquant

355 1807 428 1843 que
445 1796 479 1832 le
501 1800 627 1833 comte
648 1796 693 1832 de
715 1796 853 1833 Savoie
874 1802 911 1832 et
933 1807 993 1832 ses
1014 1807 1109 1843 gens
1140 1807 1180 1832 se
1207 1796 1321 1832 firent
1341 1807 1459 1843 payer
1478 1797 1558 1832 tres
1581 1796 1688 1833 cher.
1709 1796 1763 1832 Le

355 1855 563 1902 Religieux
592 1855 637 1892 de
667 1855 937 1904 Saint-Denys
965 1856 1004 1903 (t.
1026 1855 1058 1902 Ι,
1083 1867 1120 1903 p.
1144 1855 1224 1902 334)
1253 1855 1322 1891 fait
1344 1867 1399 1891 un
1428 1855 1549 1902 grand
1578 1855 1685 1903 eloge
1714 1854 1764 1891 du

358 1918 483 1949 comte
504 1913 549 1950 de
572 1913 723 1950 Savoie.

403 1972 437 2008 2.
462 1971 561 2007 Sans
593 1971 707 2008 doute
736 1972 772 2008 le
802 1986 818 2006 α
847 1972 963 2007 Petra
995 1971 1040 2008 de
1072 1971 1227 2007 Catellis
1257 1984 1271 2005 ι)
1300 1971 1350 2007 du
1383 1972 1564 2007 Gronicon
1594 1971 1764 2007 Siculum

358 2030 525 2076 (Societa
557 2031 800 2077 Napoletana
831 2029 868 2066 di
900 2030 1018 2067 storia
1049 2030 1186 2077 patria,
1215 2030 1313 2066 serie
1344 2029 1376 2077 Ι,
1406 2029 1623 2076 Gronache,
1656 2029 1760 2076 1887,

357 2098 392 2134 p.
415 2088 487 2133 49).
511 2088 610 2124 C'est
626 2088 914 2125 Pietracatella.

403 2146 435 2182 3.
458 2146 594 2193 Fondi,
617 2157 665 2182 au
686 2146 838 2183 diocese
867 2146 912 2183 de
939 2146 1107 2183 Caserte.
1131 2147 1185 2183 Le
1205 2147 1303 2183 frere
1324 2146 1369 2182 de
1391 2146 1427 2183 la
1448 2146 1555 2183 reine
1575 2145 1622 2183 de
1643 2144 1760 2182 Sicile

355 2204 422 2241 dut
442 2205 465 2240 ὲ.
485 2211 585 2241 cette
607 2205 771 2241 alliance
792 2206 827 2242 le
847 2205 936 2242 titre
957 2205 1002 2242 de
1022 2206 1178 2253 despote
1198 2205 1244 2243 de
1266 2206 1472 2242 Romanie.

402 2265 437 2300 4.
460 2264 619 2300 Morelet
648 2264 694 2300 de
717 2264 894 2300 Wissant
922 2265 1044 2312 figure
1073 2264 1196 2311 parmi
1216 2265 1272 2301 les
1292 2265 1460 2301 te'moins
1479 2263 1529 2300 du
1550 2268 1760 2300 testament

356 2323 406 2359 du
423 2322 497 2359 duc
517 2322 699 2370 d’Anjou.
717 2323 768 2359 M.
785 2323 827 2359 E.
846 2323 1039 2369 Molinier,
1057 2323 1121 2371 qui
1142 2324 1205 2359 n'a
1223 2334 1273 2370 pu
1297 2324 1499 2360 connaitre
1520 2329 1631 2359 notre
1651 2322 1759 2358 chro-

356 2382 487 2429 nique,
515 2393 536 2417 a
565 2381 674 2428 ecrit,
701 2381 795 2418 dans
827 2393 896 2418 son
925 2375 1039 2418 Etude
1067 2393 1133 2417 sur
1164 2385 1200 2418 la
1229 2385 1284 2418 vie
1312 2383 1492 2418 d’Arnoul
1520 2381 1762 2418 &Amr-ehem

358 2441 406 2488 (p.
430 2441 510 2487 191,
534 2452 571 2476 n.
593 2441 643 2487 ⁴2),
665 2451 738 2488 que
762 2454 777 2474 «
794 2441 827 2477 le
850 2441 937 2476 titre
958 2440 1222 2477 d'Audrehem
1242 2451 1292 2476 ne
1313 2446 1415 2477 resta
1435 2451 1485 2477 en
1504 2445 1587 2476 tout
1608 2450 1671 2476 cas
1691 2450 1759 2485 pas

360 2513 376 2533 «
401 2500 616 2546 longtemps
635 2505 746 2535 entre
760 2499 815 2535 les
830 2499 957 2534 mains
977 2499 1027 2535 du
1048 2510 1171 2536 neven
1193 2499 1242 2536 du
1262 2499 1455 2536 marechal
1472 2499 1584 2545 [Jean
1599 2498 1646 2534 de
1661 2498 1763 2534 Neu-

361 2572 376 2591 «
399 2558 502 2604 ville,
524 2568 597 2605 que
618 2562 728 2594 notre
749 2558 960 2604 chronique
975 2569 996 2594 a
1012 2558 1236 2594 mentionne
1257 2559 1342 2604 plus
1364 2559 1471 2604 haut,
1492 2562 1521 2593 t.
1542 2557 1595 2603 II,
1611 2568 1646 2603 p.
1663 2555 1762 2602 2901,

360 2630 376 2650 «
399 2627 478 2661 car,
499 2615 565 2652 des
587 2616 691 2662 1374,
714 2626 811 2653 nous
832 2626 980 2663 voyons
1000 2627 1053 2651 un
1075 2617 1223 2652 certain
1245 2616 1401 2653 Moreau
1431 2615 1477 2652 de
1498 2614 1687 2650 Wuisant
1713 2623 1764 2650 ou

361 2687 376 2708 ot
399 2674 589 2710 &Vuisens
609 2674 763 2722 qualifie
783 2674 828 2711 de
846 2687 861 2708 α
878 2674 1055 2711 dominus
1076 2674 1402 2712 d’Audenehan...
1428 2687 1443 2709 »
1465 2673 1526 2711 On
1547 2673 1756 2720 s'explique

358 2734 437 2769 tres
466 2733 656 2770 aisement
675 2734 712 2770 la
731 2734 860 2780 chose,
882 2733 1010 2781 quand
1031 2744 1081 2769 on
1107 2734 1249 2782 admet‚
1271 2744 1366 2771 avec
1395 2738 1504 2770 notre
1533 2732 1760 2780 chronique,

361 2791 450 2839 qu'il
471 2792 564 2829 etait
585 2804 638 2830 un
658 2803 783 2830 neven
803 2793 853 2829 du
873 2793 1084 2830 marechal.
