1941 3294
304 312 346 348 ‘24
575 313 944 347 CHRONOGRAPHIA
968 312 1120 345 REGUM
1143 312 1421 345 FRANCORUM.
1589 309 1696 356 [1382

302 395 491 442 sitiones
532 394 644 441 vini.
690 396 784 451 Qua
826 393 965 440 domo
1005 392 1250 440 dilacerata
1290 409 1342 440 ac
1381 392 1690 456 discooperta,

300 471 608 534 fenestrisque
645 470 906 526 confractis,
947 469 1101 515 omnia
1138 468 1259 516 bona
1297 469 1470 517 ibidem
1509 475 1696 532 reperta

298 553 578 611 rapuerunt;
605 546 796 609 insuper
817 546 1038 593 ducentas
1071 545 1238 592 caudas
1264 545 1359 592 vini
1387 550 1433 592 et
1454 545 1554 608 iiij01'
1580 545 1695 592 aceti

297 624 514 670 omnibus
540 622 805 686 petentibus
825 620 1180 668 distribuerunt.
1205 621 1379 669 Deinde
1405 621 1619 668 abierunt
1637 620 1702 678 ad‘

297 701 490 748 domum
512 699 722 763 magistri
742 696 967 745 Guillelmi
990 696 1171 750 Porelli,
1196 699 1275 760 qui
1301 697 1386 749 fuit
1408 697 1697 745 examinator

296 776 523 824 Castelleti
567 781 612 822 et
648 774 792 838 judex
831 772 1108 828 Judeorum‚
1156 773 1235 836 qui
1275 774 1457 821 noviter
1500 778 1599 820 erat
1639 773 1697 820 de

295 853 486 899 consilio
526 851 649 915 regis
687 851 733 896 in
771 865 952 897 camera
984 855 1332 911 requestarum,
1372 866 1514 913 quam
1552 849 1698 897 eciam

294 928 515 991 predictis
553 926 728 973 malleis
772 925 1119 989 confregerunt,
1157 942 1405 988 processus
1444 931 1492 973 ct
1523 925 1698 973 litteras

295 1003 632 1051 dilaniaverunt
657 1002 871 1064 bonaque
899 1002 1087 1064 penitus
1113 1002 1418 1050 abstulerunt.
1450 1002 1523 1050 Sic
1553 1003 1697 1049 eciam

293 1080 501 1127 fecerunt
527 1079 572 1125 in
600 1079 741 1126 domo
767 1077 888 1125 Petri
915 1078 1087 1140 Chaplu
1113 1084 1158 1125 et
1183 1078 1264 1124 filii
1290 1079 1377 1136 sui,
1409 1079 1559 1126 clerici
1587 1078 1698 1126 civi-

293 1156 399 1203 tatis
434 1155 653 1212 Parisius‚
691 1155 770 1218 qui
806 1154 1109 1201 morabantur
1143 1170 1263 1201 unus
1296 1171 1444 1217 prope
1479 1155 1692 1209 alterum,

293 1248 386 1278 non
427 1231 563 1294 longe
603 1231 661 1277 ab
707 1230 898 1277 ecclesia
937 1229 1090 1277 Sancti
1131 1229 1289 1277 Jacobi
1331 1230 1388 1277 de
1429 1230 1695 1287 Carnifici03

293 1307 484 1371 insuper
508 1307 570 1353 ita
596 1307 806 1354 fecerunt
832 1306 990 1353 domui
1021 1306 1228 1370 magistri
1256 1306 1475 1354 Johannis
1501 1307 1558 1354 de
1585 1306 1699 1354 Cha-

294 1390 392 1442 tou,
422 1383 633 1430 advocati
660 1383 706 1429 in
739 1383 1000 1438 Castelleto,
1030 1383 1107 1445 qui
1139 1389 1351 1446 tempore
1386 1384 1540 1430 Karoli
1575 1383 1699 1448 regis

295 1459 499 1507 defuncti
542 1459 864 1522 impositiones
901 1459 1047 1506 multo
1092 1465 1305 1522 tempore
1343 1459 1600 1506 tradiderat
1639 1459 1696 1507 ad

295 1537 491 1582 firmam.
520 1539 617 1582 Hoc
647 1535 787 1582 etiam
820 1535 961 1582 modo
997 1534 1205 1583 fecerunt
1231 1535 1428 1582 diversis
1453 1535 1532 1598 qui
1565 1542 1698 1583 antea

295 1612 440 1659 dictas
466 1611 787 1675 impositiones
812 1616 1074 1658 tenuerant.

358 1692 424 1735 Eo
451 1694 561 1735 tunc
587 1689 768 1735 firmate
795 1693 902 1735 sunt
926 1704 1089 1735 omnes
1120 1693 1255 1751 porte
1290 1687 1486 1735 civitatis
1522 1693 1568 1740 et
1593 1687 1699 1734 cha-

293 1771 399 1812 tene
441 1770 647 1816 extense,
686 1764 855 1811 Karolo
890 1781 1002 1828 rege
1038 1769 1148 1811 tunc
1187 1764 1414 1811 existente
1451 1765 1498 1810 in
1533 1766 1699 1811 Sancto

293 1840 496 1888 Dionisio
516 1840 595 1903 qui
622 1846 932 1903 proposuerat
952 1840 1019 1888 ire
1044 1841 1386 1905 Rothomagum
1410 1840 1468 1888 ad
1495 1839 1700 1887 reconci-

293 1916 500 1963 liandum
541 1922 584 1963 et
625 1916 963 1979 pacificandum
1002 1917 1399 1981 Rothomagenses
1442 1917 1520 1980 qui
1557 1915 1699 1963 modo

295 1993 620 2040 parisiensium
653 1993 784 2049 moti,
815 1993 1081 2040 occiderant
1106 1993 1329 2056 majorem
1361 2009 1498 2040 suum
1529 1997 1576 2039 et
1602 1992 1700 2055 ejus

295 2069 488 2115 domum
526 2068 868 2131 confregerant,
911 2085 1017 2116 cum
1054 2069 1210 2116 multis
1251 2069 1349 2116 aliis
1383 2068 1695 2116 excessibus1.

296 2143 471 2190 Idcirco
486 2160 570 2190 rex
584 2159 690 2190 cum
704 2143 900 2191 ducibus
913 2144 1178 2208 Burgundie
1192 2151 1237 2191 et
1253 2144 1471 2192 Borbonii
1481 2183 1491 2200 ‚
1509 2144 1699 2192 domino

295 2219 534 2267 Couchiaci
562 2224 607 2265 et
634 2219 838 2275 Arbrefi,
869 2220 1171 2283 pluribusque
1196 2220 1294 2267 aliis
1320 2220 1559 2277 militibus,
1588 2236 1700 2267 mox

295 2312 538 2360 regressus
572 2301 642 2343 est
668 2295 726 2342 ad
760 2312 895 2343 suum
930 2296 1169 2344 castellum
1203 2297 1248 2343 in
1283 2314 1473 2345 nemore
1508 2298 1700 2347 Vicena-

346 2443 377 2477 1.
404 2441 597 2477 L’emeute
618 2441 664 2477 de
688 2441 823 2477 Rouen
850 2441 945 2477 dura
970 2441 1064 2478 trois
1089 2442 1195 2488 jours
1220 2449 1257 2479 et
1278 2453 1505 2491 commenca
1524 2443 1559 2479 le
1579 2443 1624 2479 24
1644 2443 1701 2479 fe-

298 2500 399 2536 vrier
426 2500 514 2536 1382
542 2500 592 2546 (n.
617 2501 696 2545 st.)‚
717 2499 863 2546 d’apres
890 2499 1021 2535 Pierre
1050 2500 1207 2537 Cochon
1241 2501 1287 2547 (p.
1317 2501 1421 2547 162);
1449 2501 1486 2537 la,
1513 2502 1699 2548 populace

298 2559 526 2595 rouennaise
547 2569 595 2594 ne
615 2564 682 2594 tua
702 2569 768 2605 pas
791 2558 824 2594 le
844 2558 965 2594 maire
986 2570 1034 2594 en
1055 2559 1261 2606 fonctions,
1280 2560 1423 2596 Robert
1444 2560 1698 2607 Deschamps,

299 2618 337 2653 ni
359 2617 524 2654 l'ancien
551 2617 686 2662 maire,
710 2617 882 2653 Guerout
902 2617 947 2653 de
970 2617 1197 2665 Maromnie,
1218 2618 1310 2655 dont
1331 2619 1365 2654 lc
1393 2618 1488 2666 logis
1515 2618 1571 2654 fut
1591 2618 1699 2654 d'ail-

299 2677 401 2712 leurs
431 2676 600 2714 devaste.
633 2677 734 2713 Pour
762 2676 930 2713 certains
960 2676 1118 2723 details,
1149 2688 1235 2724 voy.
1268 2677 1390 2714 Arch.
1422 2682 1519 2721 nat.‚
1545 2677 1596 2713 JJ
1617 2677 1699 2724 123,

301 2734 363 2770 fol.
387 2734 468 2782 321,
488 2738 526 2770 et
545 2735 582 2771 la
602 2735 810 2780 chronique
829 2736 887 2771 des
907 2739 1038 2780 quatre
1055 2737 1233 2780 premiers
1260 2736 1385 2776 Valoz's,
1410 2747 1445 2782 p.
1468 2735 1549 2772 298.
