1941 3294
209 302 311 348 1394]
481 305 851 338 CHRONOGRAPHIA
877 305 1029 337 REGUM
1054 304 1333 338 FRANCORUM.
1540 303 1606 338 117

212 403 233 429 (ι
265 384 532 432 rumoribus
558 383 855 446 quibusdam,
885 383 1061 431 utinam
1085 399 1282 447 prorsus
1302 382 1445 441 falsis,
1475 384 1609 432 nobis

212 480 233 505 α
265 477 378 508 vero
403 460 482 508 vix
507 459 806 508 credibilibus
826 459 1106 507 audivimus.

278 556 297 581 ε(
326 541 408 585 Εεῖ
431 538 585 599 itaque
617 536 707 583 huc
734 536 949 590 relatum,
984 552 1090 583 cum
1118 542 1402 583 memoratas
1432 535 1610 584 litteras

212 633 232 659 (ι
266 620 399 677 parte
416 619 574 660 nostra
595 613 795 660 directas
812 613 1012 678 legendo
1023 612 1361 676 pervidissetis,
1381 629 1468 661 vos
1482 614 1610 661 velut

213 709 233 734 (ι
265 690 332 736 eis
362 689 608 745 offensum,
652 689 859 752 graviter
896 688 1297 753 indignabundum
1332 695 1378 735 θῖ
1416 689 1610 736 moleste

212 785 232 810 (ι
262 766 518 813 admodum
549 765 774 813 ferentem
801 765 846 811 in
873 765 1018 813 verba
1044 766 1129 813 hec
1154 765 1367 829 erupisse
1397 783 1406 812 :
1447 784 1467 810 α
1496 766 1612 813 Male

213 863 234 888 «
264 848 371 890 sunt
392 848 438 889 θῖ
457 858 707 889 venenose.
738 861 758 886 1>
786 842 918 900 Quod
940 842 977 889 si
998 859 1171 890 vanum
1191 859 1245 890 ac
1268 843 1431 890 fictum
1450 848 1538 899 est,
1561 848 1612 890 ut

212 939 231 965 α
266 920 412 984 magis
433 918 683 974 credimus,
704 925 836 982 grata
856 925 1011 966 vestra
1031 919 1276 982 responsio
1297 936 1346 967 εθ
1368 919 1426 966 ad
1447 935 1613 982 pacem

212 1016 233 1041 α
264 996 464 1043 Ecclesie
485 996 792 1043 voluntariam
817 1003 1084 1043 monstrans
1110 996 1276 1043 effectu
1296 996 1436 1044 fidem
1462 996 1612 1043 facere

212 1093 232 1118 (ι
261 1073 467 1129 debebit,
491 1079 536 1119 et
556 1080 606 1120 ut
627 1089 889 1136 speramus,
921 1073 1070 1120 faciet.
1100 1073 1176 1120 Sin
1195 1089 1327 1127 vero,
1354 1073 1481 1135 quod
1503 1089 1614 1136 pro-

211 1170 232 1195 «
262 1150 334 1198 cul
366 1150 507 1197 absit!
538 1149 585 1197 id
612 1166 775 1197 verum
803 1155 890 1204 est,
922 1155 969 1196 θῖ
995 1166 1136 1212 supra
1169 1149 1362 1196 modum
1389 1150 1614 1197 miramur

213 1248 233 1272 <(
264 1233 309 1274 et
333 1227 546 1274 dolemus
573 1226 699 1289 quod
724 1232 818 1273 tam
845 1225 1088 1289 indignum
1110 1225 1285 1273 facinus
1312 1226 1458 1289 patris
1478 1242 1615 1273 exce-

212 1323 232 1348 «
265 1304 386 1351 derit
412 1320 511 1350 ore.
541 1307 674 1358 Nam,
698 1308 895 1365 propter
915 1303 995 1349 Dei
1022 1308 1162 1364 atque
1189 1302 1429 1349 hominum
1449 1301 1610 1358 fidem,

213 1401 233 1426 <x
262 1383 396 1427 Pater
412 1378 699 1434 beatissime,
725 1379 848 1425 unde
875 1395 1108 1426 venenum
1134 1378 1332 1442 emergit
1352 1379 1397 1424 in
1424 1395 1475 1425 re
1501 1378 1616 1425 ista?

212 1476 231 1500 (ι
262 1456 412 1503 Labor
446 1455 533 1502 iste
573 1461 669 1501 tam
710 1461 897 1502 sanctus
935 1462 1023 1510 est,
1061 1454 1256 1501 materia
1296 1461 1392 1501 tam
1437 1455 1615 1501 sincera

211 1552 231 1577 α
261 1539 450 1595 tamque
477 1531 735 1595 impolluta,
766 1537 816 1578 ut
842 1548 926 1579 nec
951 1547 1133 1578 veneno
1167 1530 1328 1594 pollui,
1359 1548 1443 1578 nec
1473 1548 1616 1578 vene-

213 1630 233 1656 α
262 1626 373 1658 num
391 1609 637 1656 admittere
659 1608 801 1656 ullum
822 1609 867 1655 in
889 1625 936 1656 se
959 1608 1125 1672 possit,
1150 1608 1331 1656 etiamsi
1352 1608 1456 1671 quis
1475 1625 1616 1672 cupe-

213 1706 233 1732 α
262 1694 334 1735 ret
359 1686 623 1734 infundere!

278 1783 297 1807 α
330 1766 423 1809 Nos
454 1778 569 1809 vero
611 1778 702 1808 non
739 1761 786 1808 id
821 1761 1057 1824 cupimus,
1095 1761 1173 1823 qui
1208 1761 1255 1807 in
1295 1777 1346 1808 re
1380 1761 1466 1808 hac
1496 1775 1616 1824 puro

214 1861 234 1886 α
263 1839 405 1887 corde
422 1877 432 1891 ,
484 1839 662 1885 sincera
713 1837 994 1894 intentione,
1042 1854 1153 1884 vera
1200 1843 1247 1885 et
1295 1836 1616 1900 inobliquabili

213 1938 234 1962 ιι
264 1917 459 1972 ratione,
495 1921 613 1962 teste
644 1918 740 1962 Deo
779 1914 1112 1978 processimus,
1149 1921 1193 1961 et
1226 1913 1285 1961 ad
1317 1913 1615 1961 concordiam

214 2013 234 2039 α
263 2009 428 2056 usque,
458 1996 552 2039 Deo
585 2007 772 2054 semper
796 1991 1025 2055 propicio,
1067 1990 1393 2055 procedemus,
1424 2006 1481 2037 ne
1512 1990 1617 2053 quis

214 2088 234 2114 α
261 2069 358 2133 jam
387 2084 473 2115 nos
502 2074 743 2131 tepescere
775 2073 820 2114 et
852 2067 979 2115 tedio
1010 2067 1158 2114 victos
1193 2083 1296 2114 θεεθ
1333 2065 1612 2130 suspicetur.

215 2165 236 2191 a
267 2150 322 2194 Et
348 2151 398 2193 ut
424 2151 581 2208 partes
605 2144 799 2208 epistole
826 2160 1176 2207 percurramus,
1198 2160 1256 2191 an
1281 2143 1392 2191 illud
1415 2159 1618 2190 veneno-

215 2243 235 2268 «
266 2240 370 2271 sum
396 2228 466 2269 est
492 2221 618 2286 quod
646 2221 842 2269 labentis
868 2221 1068 2269 Ecclesie
1093 2221 1137 2268 in
1165 2220 1311 2285 ipsius
1338 2220 1479 2267 exitio
1506 2235 1618 2266 con-

217 2320 237 2345 «
269 2299 507 2348 dolemus?
545 2298 676 2356 Quod
712 2299 851 2346 officii
888 2297 1047 2345 debito
1086 2303 1132 2345 et
1167 2296 1453 2344 consciencia
1491 2295 1618 2343 ducti

217 2396 236 2420 «
267 2376 388 2423 hunc
412 2374 620 2422 laborem
646 2374 906 2438 suscepisse
934 2390 1018 2421 nos
1043 2373 1270 2420 dicimus?
1293 2372 1422 2430 Quod
1446 2371 1618 2434 princi-

217 2472 237 2498 «
268 2469 377 2517 pem
402 2450 836 2498 christianissimum
861 2450 1102 2505 Karolum,
1122 2466 1284 2514 regem
1310 2453 1613 2504 Francorum,

218 2550 237 2575 α
267 2530 325 2577 ad
352 2530 440 2577 hoc
473 2545 592 2592 opus
622 2528 875 2576 ineundum
910 2528 1210 2575 induximus?
1237 2527 1368 2586 Quod
1395 2526 1618 2574 Sanctita-

219 2627 238 2650 (ι
271 2613 364 2652 tem
397 2611 602 2652 vestram
633 2604 691 2651 ad
724 2604 770 2650 id
802 2603 957 2667 ipsum
991 2603 1067 2667 pia
1109 2602 1302 2667 quidem
1336 2608 1382 2650 et
1415 2601 1618 2648 fraterna

220 2704 239 2727 (ς
272 2682 492 2730 charitate
523 2697 821 2728 commonere
854 2680 1075 2727 fecimus?
1107 2680 1238 2728 Unde
1267 2680 1353 2726 hec
1386 2695 1617 2725 venenosa

219 2778 238 2802 α
272 2759 364 2806 sint
390 2775 480 2805 non
509 2758 737 2806 videmus.
769 2757 811 2806 Si
840 2758 944 2821 quis
969 2757 1148 2805 acutius
1179 2757 1327 2804 cernit
1355 2757 1397 2803 in
1425 2755 1618 2820 dignos-
