1941 3294
188 283 289 329 1398]
461 286 830 319 CHRONOGRAPHIA
857 286 1009 318 REGUM
1032 285 1311 317 FRANGORUM.
1517 283 1583 319 165

184 379 278 410 non
311 363 483 410 sineret
516 379 596 410 eos
629 362 676 409 in
711 362 866 409 duello
897 378 1125 426 pugnare,
1162 362 1281 409 sicut
1314 378 1398 409 nec
1434 361 1580 409 fecit1.

183 443 324 487 Erant
342 440 488 487 eciam
505 455 609 487 cum
630 455 741 503 rege
759 438 850 485 §xxti
868 438 991 485 milia
1011 437 1338 501 sagitariorum
1355 445 1400 485 et
1418 454 1586 502 magna

183 517 432 565 multitudo
456 516 696 564 hominum
723 531 981 562 armorum.

246 596 313 640 Eo
338 610 525 656 quoque
559 592 606 639 in
640 592 846 655 quodam
884 590 1087 639 scafaldo
1123 606 1334 646 ascenso,
1369 591 1588 655 regaliter

182 678 340 734 aptato
367 677 412 718 et
438 670 721 734 quibusdam
742 668 1102 716 inhibicionibus
1128 685 1153 715 a
1174 668 1381 731 quodam
1405 668 1587 715 hiraldo

183 748 481 812 proclamatis
509 754 556 795 et
586 747 645 794 ab
676 763 733 793 eo
765 746 1077 801 deffendente‚
1114 744 1287 792 scilicet
1318 744 1437 792 duce
1465 747 1589 792 Mor-

180 824 428 879 tuoldensi,
462 823 552 871 alta
579 839 711 877 voce,
742 828 793 870 ut
826 822 970 868 moris
1002 828 1090 878 est,
1120 826 1305 877 vocato,
1340 821 1466 868 idem
1492 821 1590 868 dux

180 900 238 947 ad
265 900 497 947 barrerias
521 899 666 955 venit,
692 899 772 962 qui
798 917 821 945 a
849 897 1221 946 conestabulario
1246 904 1292 945 et
1317 899 1589 946 marescallo

179 976 511 1040 interrogatus,
542 975 811 1039 conjuratus
833 980 878 1021 et
898 973 1212 1029 intromissuS‚
1237 973 1294 1019 ad
1318 973 1588 1020 cathedram

179 1068 311 1099 suam
351 1052 559 1099 accessit.
606 1054 705 1109 Quo
746 1050 962 1098 ordinato
1001 1056 1047 1096 et
1086 1049 1329 1112 utriusque
1366 1049 1590 1097 cathedre

179 1128 370 1174 cortinis
401 1127 582 1184 ablatis,
614 1144 698 1174 rex
732 1126 838 1174 fecit
871 1126 1072 1173 clamare
1103 1125 1229 1188 quod
1262 1125 1352 1188 ipsi
1385 1126 1591 1172 facerent

178 1221 315 1251 suum
334 1204 546 1252 debitum
571 1223 579 1251 :
611 1220 812 1266 cumque
832 1203 929 1250 dux
951 1202 1264 1250 Arvordensis
1290 1208 1471 1248 teneret
1492 1202 1590 1249 lan-

178 1296 307 1327 ceam
335 1296 465 1327 suam
495 1281 542 1326 in
573 1280 789 1326 manibus
816 1285 860 1325 et
893 1295 975 1325 sex
1002 1278 1075 1325 vel
1109 1284 1215 1324 octo
1247 1294 1415 1340 passus
1442 1277 1590 1324 inces-

177 1357 312 1404 sisset
360 1363 521 1404 contra
570 1356 808 1403 inimicum
856 1371 993 1402 suum
1039 1355 1118 1417 qui
1166 1354 1344 1401 nullum
1392 1354 1589 1402 faciebat

175 1433 362 1497 signum
388 1433 688 1489 defensionis,
713 1438 823 1479 tunc
846 1431 1023 1478 dictum
1043 1436 1114 1478 est
1137 1431 1203 1478 eis
1230 1447 1288 1477 ex
1309 1438 1442 1494 parte
1462 1431 1588 1495 regis

174 1515 227 1557 ut
251 1515 507 1565 cessarent,
538 1509 715 1556 malens
742 1525 823 1555 eos
849 1508 1038 1555 exiliare
1064 1524 1091 1553 a
1117 1524 1265 1571 regno
1291 1524 1377 1555 suo
1403 1508 1583 1572 Anglie‚

175 1602 315 1649 quam
337 1585 478 1633 talem
504 1585 869 1633 decertationem
893 1585 939 1631 in
966 1601 1047 1632 eos
1073 1585 1382 1632 commisceri.

240 1664 479 1712 Contrarie
506 1681 620 1711 vero
652 1663 884 1728 opinionis
912 1663 1008 1710 dux
1034 1663 1286 1711 Lincastrie
1319 1670 1446 1720 erat;
1481 1681 1588 1711 nam

174 1739 357 1787 dicebat
386 1740 486 1804 regi
514 1758 522 1785 :
560 1759 579 1784 α
610 1743 708 1804 Ego
740 1740 904 1786 melius
937 1756 1169 1803 cognosco
1195 1756 1277 1787 eos
1304 1756 1445 1802 quam
1470 1757 1582 1797 vos3

177 1836 197 1860 «ι
229 1817 368 1864 ambo
407 1816 543 1864 nichil
584 1817 739 1863 valent
777 1822 822 1863 et
855 1822 1081 1879 quantum
1124 1822 1195 1863 est
1232 1816 1290 1863 de
1327 1817 1422 1863 filio
1459 1834 1581 1873 meo,

175 1913 196 1938 α
230 1893 336 1941 dico
362 1893 497 1940 vobis
524 1893 650 1956 quod
683 1894 784 1956 ipse
810 1909 897 1940 vos
924 1893 1068 1940 semel
1105 1893 1258 1940 taliter
1287 1893 1515 1941 irascetur
1540 1901 1587 1942 et

176 1989 196 2014 α
228 1969 548 2025 conturbabit,
587 1969 715 2032 quod
752 1985 991 2032 nunquam
1034 1969 1182 2016 fuistis
1219 1975 1402 2016 tantum
1437 1969 1584 2017 iratus

176 2065 196 2090 α
228 2062 310 2093 seu
331 2046 652 2094 conturbatus.
683 2045 825 2093 Sinite
852 2063 932 2093 eos
959 2063 1169 2110 pugnare
1196 2062 1253 2092 ex
1276 2052 1408 2109 parte
1434 2047 1514 2094 Dei
1539 2053 1586 2094 et

175 2141 196 2166 (ι
229 2123 349 2169 mori
368 2123 414 2169 in
440 2123 612 2179 duello,
637 2122 1027 2170 nonobstantibus
1055 2123 1448 2186 quibuscumque.
1479 2143 1498 2168 1>
1528 2127 1584 2171 Et

171 2215 256 2246 rex
283 2198 432 2262 inquit
457 2217 466 2245 ε
501 2218 521 2243 <1
554 2202 647 2246 Nos
672 2199 849 2246 dictum
875 2199 1022 2246 filium
1047 2205 1276 2255 vestrum,
1302 2199 1340 2246 si
1363 2202 1457 2246 Deo
1484 2200 1583 2264 pla-

176 2295 196 2320 «
227 2282 317 2330 cet,
347 2291 406 2322 ne
432 2292 517 2322 nos
540 2276 712 2323 malum
740 2276 893 2333 faciat,
918 2276 1037 2324 bene
1064 2276 1428 2324 custodiemus2.
1459 2296 1478 2321 ι)

219 2406 252 2441 1.
275 2405 350 2441 Les
371 2404 708 2452 renseignements
736 2405 895 2442 curieux
924 2406 1068 2442 relatifs
1095 2405 1116 2441 a
1144 2406 1179 2442 la
1200 2405 1362 2442 mission
1383 2405 1432 2441 du
1455 2412 1580 2443 comte

170 2463 216 2500 de
247 2462 453 2499 Saint-Pol
483 2464 621 2510 aupres
649 2463 695 2499 de
727 2463 899 2501 Richard
928 2464 967 2500 H
996 2475 1045 2500 ne
1076 2475 1116 2501 se
1146 2470 1329 2501 trouvent
1358 2463 1488 2511 qu’ici.
1520 2464 1576 2501 Cf.

171 2522 397 2566 Chronicque
426 2522 467 2556 de
501 2523 537 2556 la
568 2524 710 2557 tra'ison
740 2527 772 2557 et
793 2527 889 2558 mort
909 2524 950 2558 de
970 2524 1123 2559 Richart
1141 2525 1248 2564 deux,
1274 2535 1307 2570 p.
1340 2523 1421 2567 153,
1444 2529 1532 2560 note
1559 2525 1573 2559 1

169 2583 211 2616 in
230 2582 312 2625 fine.
330 2600 377 2606 —
392 2580 444 2615 Le
463 2579 584 2615 baron
605 2580 765 2627 Kervyn
786 2581 831 2617 de
852 2581 1094 2618 Lettenhove
1111 2593 1131 2618 a
1145 2582 1273 2629 public
1294 2581 1390 2617 dans
1412 2593 1482 2618 son
1497 2581 1578 2618 edi-

171 2639 253 2675 tion
280 2639 325 2676 de
356 2639 545 2675 Froissart
577 2643 617 2683 (t.
641 2639 753 2683 XVI,
775 2651 811 2687 p.
839 2640 918 2683 302)
946 2641 1001 2677 les
1031 2641 1286 2677 instructions
1313 2640 1485 2677 donnees
1510 2653 1578 2688 par

172 2697 333 2733 Charles
353 2697 410 2733 VI
430 2698 452 2733 a
472 2697 628 2734 Nicolas
651 2698 811 2745 Paynel,
833 2700 983 2747 envoye'
1011 2700 1148 2747 aupres
1169 2699 1214 2736 de
1235 2699 1406 2736 Richard
1426 2699 1464 2736 Π
1483 2711 1579 2747 pour

172 2754 207 2791 le
227 2755 355 2791 meme
376 2754 490 2802 objet.

219 2813 255 2850 2.
277 2813 383 2850 Cette
403 2814 665 2851 intervention
685 2815 733 2851 du
749 2815 822 2852 duc
837 2816 882 2853 de
896 2817 1106 2853 Lancastre
1121 2817 1220 2853 n’est
1240 2828 1308 2864 pas
1327 2817 1577 2854 mentionnee.
