1941 3294
346 245 411 281 194
614 247 982 280 GHRONOGRAPHIA
1006 247 1159 280 REGUM
1182 247 1460 280 FRANCORUM.
1629 245 1735 291 [1400

343 327 415 374 oio
439 326 557 373 facta
584 330 671 381 est,
703 325 761 372 ab
789 323 1067 371 electoribus
1093 324 1317 381 Almzmie,
1347 323 1600 387 reprobato
1624 341 1735 389 rege

342 401 527 449 Boemie
544 412 556 434 1
601 400 779 448 dudum
819 401 1101 463 imperatore
1145 400 1314 457 electo,
1360 400 1533 447 electus
1578 406 1648 447 est
1688 401 1735 447 in

343 494 502 542 regem
529 480 844 524 Romanorum
875 482 1014 538 atque
1049 475 1094 521 in
1126 476 1458 539 imperatorem
1489 492 1736 524 romanum

340 554 465 617 apud
494 553 842 617 Noyemberch2
869 552 990 599 circa
1019 552 1190 599 festum
1215 552 1337 599 beati
1366 551 1586 600 Johannis
1617 555 1737 615 Bap-

339 630 445 677 tiste
482 636 528 676 et
560 632 618 676 ab
658 628 833 675 eisdem
870 627 1037 674 ductus
1070 634 1176 674 ante
1214 627 1548 691 Franquefortss
1587 645 1596 674 :
1637 633 1737 675 erat

339 706 462 753 enim
487 705 739 753 associatus
771 704 902 767 quasi
933 703 992 751 de
1018 704 1351 769 quinquaginta
1377 704 1563 752 milibus
1586 704 1736 752 homi-

339 798 452 830 num
477 797 732 830 armorum.

399 864 464 910 Ibi
500 878 700 925 namque
738 860 921 917 stand0‚
963 860 1147 924 peregit
1180 861 1390 925 spacium
1427 860 1735 925 quadraginta

335 940 532 995 dierum,
563 939 692 1002 cujus
712 937 940 1001 temporis
961 937 1035 984 die
1053 937 1167 1001 xvij²
1192 943 1294 985 orta
1320 944 1391 985 est
1416 938 1463 984 in
1489 954 1574 985 suo
1600 954 1736 985 exer-

335 1016 445 1072 citu,
477 1015 556 1079 qui
588 1015 634 1061 in
666 1014 830 1062 castris
870 1018 988 1071 erat,
1030 1013 1285 1060 mortalitas
1322 1013 1607 1077 impedimie,
1645 1030 1736 1077 qua

334 1094 432 1139 fere
457 1100 543 1140 ΧΨ
568 1091 779 1138 homines
802 1089 974 1137 mortui
992 1095 1115 1136 sunt.
1139 1089 1328 1136 Interim
1346 1106 1459 1136 vero
1478 1089 1736 1154 burgenses

333 1174 379 1214 et
412 1167 612 1230 majores
640 1172 752 1213 natu
788 1165 893 1212 ville
923 1165 1238 1212 misericordia
1273 1165 1406 1221 moti,
1450 1170 1737 1228 aperuerunt

331 1250 491 1306 portas
518 1243 622 1289 ville
642 1259 695 1289 ac
711 1242 805 1289 suis
832 1242 1030 1289 subditis
1055 1242 1352 1305 injunxerunt
1372 1241 1589 1304 quatinus
1608 1241 1736 1288 infir-

333 1336 435 1366 mos
462 1319 519 1366 de
539 1319 746 1366 exercitu
767 1318 1007 1366 visitarent
1032 1324 1171 1381 atque
1195 1318 1407 1366 victualia
1426 1324 1472 1365 et
1491 1323 1644 1365 cetera
1668 1317 1735 1365 eis

332 1396 591 1443 necessaria
621 1395 955 1452 ministrarent,
985 1394 1095 1442 dicti
1121 1394 1418 1458 imperatoris
1449 1393 1736 1458 contempla-

333 1473 456 1520 tione
476 1478 522 1519 et
546 1488 706 1519 amore
719 1472 754 1518 4.

395 1557 445 1600 [n
471 1555 561 1600 fine
587 1569 700 1600 vero
726 1558 803 1600 XLa
828 1552 1029 1608 dierum,
1060 1568 1210 1599 novus
1236 1552 1492 1615 imperator
1518 1557 1565 1599 et
1589 1551 1651 1598 illi
1675 1550 1734 1598 de

330 1630 639 1693 Franquefort
654 1629 883 1676 miserunt
898 1629 957 1675 ad
979 1628 1081 1675 illos
1101 1628 1160 1676 de
1180 1628 1368 1676 Colonia
1388 1633 1434 1676 et
1453 1627 1733 1692 Aquisgrani

378 1806 411 1841 1.
435 1805 511 1841 Sur
536 1805 573 1840 la
598 1805 711 1841 chute
738 1804 783 1840 de
809 1804 1058 1850 Wenceslas,
1088 1803 1170 1840 voir
1199 1805 1442 1849 Bibliotlzeque
1468 1805 1510 1839 de
1530 1795 1656 1840 l’Ecole
1675 1805 1734 1839 des

331 1866 472 1900 chartas
502 1865 540 1909 (t.
564 1863 727 1907 XLVII,
758 1864 883 1899 annee
915 1863 1020 1909 1886,
1047 1874 1084 1909 p.
1113 1862 1210 1909 489),
1239 1865 1421 1899 Relations
1450 1864 1491 1898 de
1521 1863 1669 1899 Charles
1695 1863 1739 1898 VI

330 1935 412 1960 avec
431 1925 667 1968 l’Allemayne-
685 1934 729 1958 en
749 1923 856 1959 1400.
879 1921 913 1957 Il
933 1921 989 1958 fut
1010 1921 1149 1968 depose
1170 1922 1205 1957 le
1226 1921 1270 1957 20
1290 1923 1380 1957 aout
1409 1921 1512 1968 1400,
1535 1922 1557 1956 ἐι
1577 1921 1614 1957 la
1634 1921 1734 1957 diete

330 1982 666 2019 d’Oberlahnstein
694 1982 879 2027 (Deutsche
904 1981 1234 2025 Rez'chstaqsakten,
1256 1986 1284 2016 t.
1307 1980 1377 2024 III,
1400 1991 1435 2026 p.
1458 1980 1538 2025 254,
1562 1980 1644 2025 260,
1665 1979 1734 2016 264

328 2047 366 2078 et
385 2042 482 2088 271),
503 2047 540 2078 et
562 2042 595 2077 le
617 2042 657 2077 21
682 2041 737 2076 les
759 2041 948 2077 electeurs
970 2040 1219 2087 designerent
1235 2039 1377 2075 Robert
1393 2039 1437 2074 de
1456 2039 1617 2076 Baviere
1637 2050 1734 2086 pour

329 2101 384 2137 lui
413 2100 597 2137 succ-,eder
625 2101 743 2146 (Ibat,
768 2111 804 2146 p.
834 2099 918 2145 266,
940 2099 1007 2135 268
1039 2104 1075 2134 et
1105 2099 1206 2145 273);
1231 2109 1274 2135 ce
1301 2098 1444 2145 jour-la
1473 2098 1519 2134 ils
1548 2098 1692 2135 etaient
1711 2097 1734 2133 ὲ,

330 2160 474 2205 Rense,
498 2170 564 2195 sur
583 2159 619 2194 la
640 2159 719 2195 rive
740 2159 888 2206 gauche
908 2157 1100 2204 du'Rhin,
1121 2168 1285 2205 presque
1309 2168 1357 2193 en
1378 2157 1459 2194 face
1479 2157 1734 2194 d'Oberlahn-

332 2218 447 2254 stein.

376 2283 411 2318 2.
433 2282 653 2329 Nurnberg.
675 2302 721 2309 —-
740 2283 793 2318 Le
815 2283 867 2318 10¹
887 2281 1117 2328 septembre,
1139 2281 1284 2318 Robert
1305 2281 1399 2318 etait
1419 2281 1441 2316 a
1460 2281 1707 2329 Heidelberg.

378 2347 411 2383 3.
433 2346 920 2383 Francfort—sur-le-Mein.
953 2346 1099 2382 Robert
1125 2352 1237 2382 entra
1262 2346 1284 2381 a
1310 2345 1509 2382 Francfort
1537 2346 1571 2381 le
1595 2345 1638 2382 26
1667 2357 1732 2382 oc-

329 2405 450 2452 tobre,
480 2407 590 2452 apres
617 2417 670 2441 un
692 2405 793 2452 siege
819 2404 864 2440 de
894 2405 952 2440 six
979 2405 1170 2441 semaines
1198 2410 1236 2441 et
1261 2404 1355 2441 trois
1379 2404 1501 2451 jours,
1529 2415 1679 2441 comme
1704 2404 1731 2440 il

329 2464 491 2501 l’ecrivit
513 2464 715 2500 lui-meme
736 2464 758 2499 a
775 2463 957 2500 Boniface
974 2464 1033 2499 IX
1056 2465 1239 2510 (Deutsche
1259 2465 1586 2509 Reichstaysalctem
1609 2469 1637 2499 t.
1658 2462 1729 2509 ΠΙ,

328 2535 362 2570 p.
386 2524 481 2565 282).
504 2524 556 2559 Le
588 2524 629 2559 10
657 2522 885 2570 septembre,
908 2523 1141 2560 Wenceslas
1168 2523 1270 2559 avait
1295 2524 1430 2570 essaye
1461 2522 1645 2559 d'exciter
1673 2523 1730 2558 les

331 2583 524 2618 habitants
545 2582 567 2618 a
587 2582 623 2618 la
643 2582 797 2618 defense
819 2582 866 2628 (p.
889 2582 985 2625 298).

375 2648 410 2683 4.
436 2661 450 2680 «
472 2647 571 2683 Item
601 2647 669 2683 daz
701 2658 794 2682 man
825 2647 866 2682 in
898 2646 1014 2682 feilen
1045 2646 1150 2683 Kauf
1178 2646 1268 2683 umb
1300 2646 1356 2682 ire
1384 2645 1578 2692 phennige
1605 2645 1728 2693 geben

332 2706 443 2742 wulle
466 2720 481 2740 »
507 2707 624 2751 (Ibat,
647 2711 674 2741 t.
697 2705 768 2753 IV,
789 2716 824 2752 p.
850 2706 912 2742 151
938 2711 975 2741 et
997 2705 1093 2749 154).
