<?xml version="1.0" encoding="UTF-8"?>
<!DOCTYPE html PUBLIC "-//W3C//DTD XHTML 1.0 Transitional//EN"
    "http://www.w3.org/TR/xhtml1/DTD/xhtml1-transitional.dtd">
<html xmlns="http://www.w3.org/1999/xhtml" xml:lang="en" lang="en">
 <head>
  <title>
</title>
<meta http-equiv="Content-Type" content="text/html;charset=utf-8" />
  <meta name='ocr-system' content='tesseract 3.04.00' />
  <meta name='ocr-capabilities' content='ocr_page ocr_carea ocr_par ocr_line ocrx_word'/>
</head>
<body>
  <div class='ocr_page' id='page_1' title='image "./chronographiareg03mora_0306.png"; bbox 0 0 1941 3294; ppageno 0'>
   <div class='ocr_carea' id='block_1_1' title="bbox 282 233 1680 279">
    <p class='ocr_par' dir='ltr' id='par_1_1' title="bbox 282 233 1680 279">
     <span class='ocr_line' id='line_1_1' title="bbox 282 233 1680 279; baseline -0.005 -3"><span class='ocrx_word' id='word_1_1' title='bbox 282 239 350 277; x_wconf 74' lang='lat'><strong>244</strong></span> <span class='ocrx_word' id='word_1_2' title='bbox 553 241 920 274; x_wconf 87' lang='lat' dir='ltr'><strong>GHRONOGRAPHIA</strong></span> <span class='ocrx_word' id='word_1_3' title='bbox 945 239 1098 271; x_wconf 82' lang='lat' dir='ltr'>REGUM</span> <span class='ocrx_word' id='word_1_4' title='bbox 1125 237 1404 271; x_wconf 82' lang='lat' dir='ltr'><strong>FRANGORUM.</strong></span> <span class='ocrx_word' id='word_1_5' title='bbox 1576 233 1680 279; x_wconf 83' lang='lat'>[1404</span> 
     </span>
    </p>
   </div>
   <div class='ocr_carea' id='block_1_2' title="bbox 280 312 1687 839">
    <p class='ocr_par' dir='ltr' id='par_1_2' title="bbox 280 312 1687 839">
     <span class='ocr_line' id='line_1_2' title="bbox 283 312 1683 379; baseline -0.006 -12"><span class='ocrx_word' id='word_1_6' title='bbox 283 318 507 367; x_wconf 72' lang='lat' dir='ltr'><strong>decrevit,</strong></span> <span class='ocrx_word' id='word_1_7' title='bbox 541 317 632 365; x_wconf 88' lang='lat' dir='ltr'><strong>Sed</strong></span> <span class='ocrx_word' id='word_1_8' title='bbox 662 317 776 364; x_wconf 89' lang='lat' dir='ltr'><strong>dum</strong></span> <span class='ocrx_word' id='word_1_9' title='bbox 804 320 988 379; x_wconf 86' lang='lat' dir='ltr'><strong>putaret</strong></span> <span class='ocrx_word' id='word_1_10' title='bbox 1019 314 1212 362; x_wconf 87' lang='lat' dir='ltr'><strong>feliciter</strong></span> <span class='ocrx_word' id='word_1_11' title='bbox 1239 313 1476 376; x_wconf 85' lang='lat' dir='ltr'><strong>navigare,</strong></span> <span class='ocrx_word' id='word_1_12' title='bbox 1505 312 1683 359; x_wconf 86' lang='lat' dir='ltr'><strong>marina</strong></span> 
     </span>
     <span class='ocr_line' id='line_1_3' title="bbox 282 388 1685 458; baseline -0.006 -16"><span class='ocrx_word' id='word_1_13' title='bbox 282 401 536 458; x_wconf 81' lang='lat' dir='ltr'><strong>tempestas</strong></span> <span class='ocrx_word' id='word_1_14' title='bbox 570 394 618 440; x_wconf 91' lang='lat' dir='ltr'><strong>in</strong></span> <span class='ocrx_word' id='word_1_15' title='bbox 655 409 761 441; x_wconf 89' lang='lat' dir='ltr'><strong>suas</strong></span> <span class='ocrx_word' id='word_1_16' title='bbox 797 407 938 439; x_wconf 84' lang='lat' dir='ltr'><strong>naves</strong></span> <span class='ocrx_word' id='word_1_17' title='bbox 970 390 1121 448; x_wconf 85' lang='lat' dir='ltr'><strong>irruit,</strong></span> <span class='ocrx_word' id='word_1_18' title='bbox 1155 407 1245 454; x_wconf 91' lang='lat' dir='ltr'><strong>que</strong></span> <span class='ocrx_word' id='word_1_19' title='bbox 1276 389 1432 436; x_wconf 86' lang='lat' dir='ltr'><strong>triduo</strong></span> <span class='ocrx_word' id='word_1_20' title='bbox 1464 388 1538 434; x_wconf 85' lang='lat' dir='ltr'><strong>vel</strong></span> <span class='ocrx_word' id='word_1_21' title='bbox 1563 388 1685 434; x_wconf 86' lang='lat' dir='ltr'><strong>circa</strong></span> 
     </span>
     <span class='ocr_line' id='line_1_4' title="bbox 282 463 1685 534; baseline -0.006 -16"><span class='ocrx_word' id='word_1_22' title='bbox 282 471 558 534; x_wconf 88' lang='lat' dir='ltr'><strong>perduravit</strong></span> <span class='ocrx_word' id='word_1_23' title='bbox 588 487 596 516; x_wconf 92' lang='lat'>:</span> <span class='ocrx_word' id='word_1_24' title='bbox 627 485 736 516; x_wconf 89' lang='lat' dir='ltr'><strong>nam</strong></span> <span class='ocrx_word' id='word_1_25' title='bbox 762 469 866 532; x_wconf 91' lang='lat' dir='ltr'><strong>plus</strong></span> <span class='ocrx_word' id='word_1_26' title='bbox 893 482 1034 530; x_wconf 89' lang='lat' dir='ltr'><strong>quam</strong></span> <span class='ocrx_word' id='word_1_27' title='bbox 1070 466 1205 530; x_wconf 65' lang='lat' dir='ltr'>xiij⁰³¹¹¹</span> <span class='ocrx_word' id='word_1_28' title='bbox 1241 481 1383 513; x_wconf 88' lang='lat' dir='ltr'><strong>naves</strong></span> <span class='ocrx_word' id='word_1_29' title='bbox 1415 479 1521 511; x_wconf 89' lang='lat' dir='ltr'><strong>cum</strong></span> <span class='ocrx_word' id='word_1_30' title='bbox 1556 463 1685 510; x_wconf 88' lang='lat' dir='ltr'><strong>navi-</strong></span> 
     </span>
     <span class='ocr_line' id='line_1_5' title="bbox 283 539 1686 611; baseline -0.006 -17"><span class='ocrx_word' id='word_1_31' title='bbox 283 547 500 611; x_wconf 86' lang='lat' dir='ltr'><strong>gantibus</strong></span> <span class='ocrx_word' id='word_1_32' title='bbox 529 546 574 592; x_wconf 85' lang='lat' dir='ltr'><strong>in</strong></span> <span class='ocrx_word' id='word_1_33' title='bbox 608 544 863 608; x_wconf 79' lang='lat' dir='ltr'><strong>nauffragio</strong></span> <span class='ocrx_word' id='word_1_34' title='bbox 896 549 1003 590; x_wconf 86' lang='lat' dir='ltr'><strong>sunt</strong></span> <span class='ocrx_word' id='word_1_35' title='bbox 1034 543 1293 589; x_wconf 87' lang='lat' dir='ltr'><strong>submerse.</strong></span> <span class='ocrx_word' id='word_1_36' title='bbox 1323 540 1466 588; x_wconf 83' lang='lat' dir='ltr'><strong>Sociis</strong></span> <span class='ocrx_word' id='word_1_37' title='bbox 1495 539 1686 587; x_wconf 87' lang='lat' dir='ltr'><strong>tandem</strong></span> 
     </span>
     <span class='ocr_line' id='line_1_6' title="bbox 282 614 1687 686; baseline -0.007 -15"><span class='ocrx_word' id='word_1_38' title='bbox 282 640 368 686; x_wconf 87' lang='lat' dir='ltr'><strong>per</strong></span> <span class='ocrx_word' id='word_1_39' title='bbox 414 622 860 670; x_wconf 82' lang='lat' dir='ltr'><strong>Barbatumssuctum</strong></span> <span class='ocrx_word' id='word_1_40' title='bbox 910 624 956 665; x_wconf 86' lang='lat' dir='ltr'><strong>et</strong></span> <span class='ocrx_word' id='word_1_41' title='bbox 1009 618 1122 665; x_wconf 88' lang='lat' dir='ltr'><strong>alios</strong></span> <span class='ocrx_word' id='word_1_42' title='bbox 1174 624 1339 681; x_wconf 82' lang='lat' dir='ltr'><strong>portus</strong></span> <span class='ocrx_word' id='word_1_43' title='bbox 1386 616 1445 663; x_wconf 89' lang='lat' dir='ltr'><strong>ad</strong></span> <span class='ocrx_word' id='word_1_44' title='bbox 1493 614 1687 678; x_wconf 83' lang='lat' dir='ltr'><strong>propria</strong></span> 
     </span>
     <span class='ocr_line' id='line_1_7' title="bbox 282 691 1687 760; baseline -0.006 -13"><span class='ocrx_word' id='word_1_45' title='bbox 282 699 614 755; x_wconf 77' lang='lat' dir='ltr'><strong>remeantibus,</strong></span> <span class='ocrx_word' id='word_1_46' title='bbox 635 698 735 760; x_wconf 91' lang='lat' dir='ltr'><strong>ipse</strong></span> <span class='ocrx_word' id='word_1_47' title='bbox 759 696 817 743; x_wconf 85' lang='lat' dir='ltr'><strong>ad</strong></span> <span class='ocrx_word' id='word_1_48' title='bbox 836 700 1028 758; x_wconf 86' lang='lat' dir='ltr'><strong>portum</strong></span> <span class='ocrx_word' id='word_1_49' title='bbox 1045 693 1198 741; x_wconf 82' lang='lat' dir='ltr'>Sancti</span> <span class='ocrx_word' id='word_1_50' title='bbox 1220 693 1426 741; x_wconf 87' lang='lat' dir='ltr'><strong>Maclovii</strong></span> <span class='ocrx_word' id='word_1_51' title='bbox 1450 692 1508 739; x_wconf 92' lang='lat' dir='ltr'><strong>de</strong></span> <span class='ocrx_word' id='word_1_52' title='bbox 1535 691 1687 738; x_wconf 89' lang='lat' dir='ltr'><strong>Insula</strong></span> 
     </span>
     <span class='ocr_line' id='line_1_8' title="bbox 280 767 1683 839; baseline -0.007 -16"><span class='ocrx_word' id='word_1_53' title='bbox 280 775 537 839; x_wconf 87' lang='lat' dir='ltr'><strong>applicans,</strong></span> <span class='ocrx_word' id='word_1_54' title='bbox 568 772 768 821; x_wconf 85' lang='lat' dir='ltr'><strong>Parisius</strong></span> <span class='ocrx_word' id='word_1_55' title='bbox 787 770 936 818; x_wconf 84' lang='lat' dir='ltr'><strong>venit1</strong></span> <span class='ocrx_word' id='word_1_56' title='bbox 958 789 969 827; x_wconf 80' lang='lat'><em>3</em></span> <span class='ocrx_word' id='word_1_57' title='bbox 993 770 1206 819; x_wconf 88' lang='lat' dir='ltr'><strong>Walliam</strong></span> <span class='ocrx_word' id='word_1_58' title='bbox 1229 775 1386 817; x_wconf 84' lang='lat' dir='ltr'><strong>autem</strong></span> <span class='ocrx_word' id='word_1_59' title='bbox 1407 785 1501 815; x_wconf 91' lang='lat' dir='ltr'><strong>non</strong></span> <span class='ocrx_word' id='word_1_60' title='bbox 1522 767 1683 824; x_wconf 86' lang='lat' dir='ltr'><strong>adivit,</strong></span> 
     </span>
    </p>
   </div>
   <div class='ocr_carea' id='block_1_3' title="bbox 282 896 1697 2768">
    <p class='ocr_par' dir='ltr' id='par_1_3' title="bbox 282 896 1690 1010">
     <span class='ocr_line' id='line_1_9' title="bbox 330 896 1690 946; baseline -0.006 -6"><span class='ocrx_word' id='word_1_61' title='bbox 330 906 361 940; x_wconf 84' lang='grc'><strong>1.</strong></span> <span class='ocrx_word' id='word_1_62' title='bbox 384 903 498 940; x_wconf 87' lang='lat' dir='ltr'><strong>Voici</strong></span> <span class='ocrx_word' id='word_1_63' title='bbox 518 913 593 938; x_wconf 91' lang='lat' dir='ltr'><strong>une</strong></span> <span class='ocrx_word' id='word_1_64' title='bbox 613 903 726 938; x_wconf 90' lang='lat' dir='ltr'><strong>lettre</strong></span> <span class='ocrx_word' id='word_1_65' title='bbox 747 900 792 937; x_wconf 89' lang='lat' dir='ltr'><strong>de</strong></span> <span class='ocrx_word' id='word_1_66' title='bbox 813 899 974 936; x_wconf 83' lang='lat' dir='ltr'><strong>Charles</strong></span> <span class='ocrx_word' id='word_1_67' title='bbox 995 898 1051 934; x_wconf 90' lang='lat' dir='ltr'><strong>VI</strong></span> <span class='ocrx_word' id='word_1_68' title='bbox 1070 899 1135 946; x_wconf 88' lang='lat' dir='ltr'><strong>qui</strong></span> <span class='ocrx_word' id='word_1_69' title='bbox 1155 903 1354 935; x_wconf 79' lang='lat' dir='ltr'><strong>montrera</strong></span> <span class='ocrx_word' id='word_1_70' title='bbox 1374 897 1396 933; x_wconf 76' lang='lat' dir='ltr'><strong>a</strong></span> <span class='ocrx_word' id='word_1_71' title='bbox 1416 897 1505 944; x_wconf 89' lang='lat' dir='ltr'><strong>quel</strong></span> <span class='ocrx_word' id='word_1_72' title='bbox 1524 896 1632 943; x_wconf 87' lang='lat' dir='ltr'><strong>point</strong></span> <span class='ocrx_word' id='word_1_73' title='bbox 1653 896 1690 932; x_wconf 80' lang='lat' dir='ltr'><strong>la</strong></span> 
     </span>
     <span class='ocr_line' id='line_1_10' title="bbox 282 958 1686 1010; baseline -0.005 -11"><span class='ocrx_word' id='word_1_74' title='bbox 282 962 575 1010; x_wconf 84' lang='lat' dir='ltr'><strong>responsabilite</strong></span> <span class='ocrx_word' id='word_1_75' title='bbox 595 961 645 996; x_wconf 91' lang='lat' dir='ltr'><strong>du</strong></span> <span class='ocrx_word' id='word_1_76' title='bbox 667 966 793 997; x_wconf 89' lang='lat' dir='ltr'><strong>comte</strong></span> <span class='ocrx_word' id='word_1_77' title='bbox 814 959 859 995; x_wconf 90' lang='lat' dir='ltr'><strong>de</strong></span> <span class='ocrx_word' id='word_1_78' title='bbox 880 959 918 994; x_wconf 89' lang='lat' dir='ltr'><strong>la</strong></span> <span class='ocrx_word' id='word_1_79' title='bbox 937 958 1095 994; x_wconf 90' lang='lat' dir='ltr'><strong>Marche</strong></span> <span class='ocrx_word' id='word_1_80' title='bbox 1117 958 1210 994; x_wconf 85' lang='lat' dir='ltr'><strong>e&#39;tait</strong></span> <span class='ocrx_word' id='word_1_81' title='bbox 1232 962 1458 1004; x_wconf 82' lang='lat' dir='ltr'><strong>gravement</strong></span> <span class='ocrx_word' id='word_1_82' title='bbox 1478 958 1649 1004; x_wconf 81' lang='lat' dir='ltr'><strong>engagee</strong></span> <span class='ocrx_word' id='word_1_83' title='bbox 1677 969 1686 993; x_wconf 79' lang='lat' dir='ltr'><em>z</em></span> 
     </span>
    </p>

    <p class='ocr_par' dir='ltr' id='par_1_4' title="bbox 283 1016 1697 2768">
     <span class='ocr_line' id='line_1_11' title="bbox 331 1016 1689 1067; baseline -0.003 -12"><span class='ocrx_word' id='word_1_84' title='bbox 331 1035 345 1055; x_wconf 89' lang='lat'>«</span> <span class='ocrx_word' id='word_1_85' title='bbox 369 1021 541 1066; x_wconf 84' lang='lat' dir='ltr'><strong>Charles,</strong></span> <span class='ocrx_word' id='word_1_86' title='bbox 564 1031 631 1067; x_wconf 87' lang='lat' dir='ltr'><strong>par</strong></span> <span class='ocrx_word' id='word_1_87' title='bbox 652 1020 688 1055; x_wconf 91' lang='lat' dir='ltr'><strong>la</strong></span> <span class='ocrx_word' id='word_1_88' title='bbox 715 1030 828 1067; x_wconf 83' lang='lat' dir='ltr'><strong>grace</strong></span> <span class='ocrx_word' id='word_1_89' title='bbox 855 1017 901 1054; x_wconf 90' lang='lat' dir='ltr'><strong>de</strong></span> <span class='ocrx_word' id='word_1_90' title='bbox 922 1017 1023 1054; x_wconf 86' lang='lat' dir='ltr'><strong>Dieu</strong></span> <span class='ocrx_word' id='word_1_91' title='bbox 1046 1017 1132 1064; x_wconf 82' lang='lat' dir='ltr'><strong>Roy</strong></span> <span class='ocrx_word' id='word_1_92' title='bbox 1152 1016 1197 1052; x_wconf 91' lang='lat' dir='ltr'><strong>de</strong></span> <span class='ocrx_word' id='word_1_93' title='bbox 1218 1016 1380 1062; x_wconf 86' lang='lat' dir='ltr'><strong>France,</strong></span> <span class='ocrx_word' id='word_1_94' title='bbox 1403 1016 1425 1051; x_wconf 71' lang='lat' dir='ltr'><strong>a.</strong></span> <span class='ocrx_word' id='word_1_95' title='bbox 1445 1022 1576 1052; x_wconf 89' lang='lat' dir='ltr'><strong>nostre</strong></span> <span class='ocrx_word' id='word_1_96' title='bbox 1603 1016 1689 1052; x_wconf 75' lang='lat' dir='ltr'><strong>ame</strong></span> 
     </span>
     <span class='ocr_line' id='line_1_12' title="bbox 283 1074 1688 1125; baseline -0.004 -10"><span class='ocrx_word' id='word_1_97' title='bbox 283 1095 299 1115; x_wconf 77' lang='grc' dir='ltr'><strong>(ι</strong></span> <span class='ocrx_word' id='word_1_98' title='bbox 322 1087 359 1116; x_wconf 90' lang='lat' dir='ltr'><strong>et</strong></span> <span class='ocrx_word' id='word_1_99' title='bbox 380 1080 452 1117; x_wconf 87' lang='lat' dir='ltr'><strong>feal</strong></span> <span class='ocrx_word' id='word_1_100' title='bbox 473 1078 695 1116; x_wconf 86' lang='lat' dir='ltr'><strong>conseillier</strong></span> <span class='ocrx_word' id='word_1_101' title='bbox 708 1084 745 1115; x_wconf 93' lang='lat' dir='ltr'><strong>et</strong></span> <span class='ocrx_word' id='word_1_102' title='bbox 760 1077 876 1125; x_wconf 84' lang='lat' dir='ltr'><strong>garde</strong></span> <span class='ocrx_word' id='word_1_103' title='bbox 897 1076 942 1112; x_wconf 90' lang='lat' dir='ltr'><strong>de</strong></span> <span class='ocrx_word' id='word_1_104' title='bbox 962 1087 1033 1112; x_wconf 87' lang='lat' dir='ltr'><strong>noz</strong></span> <span class='ocrx_word' id='word_1_105' title='bbox 1055 1076 1230 1112; x_wconf 78' lang='lat' dir='ltr'><strong>chartres</strong></span> <span class='ocrx_word' id='word_1_106' title='bbox 1250 1075 1379 1111; x_wconf 84' lang='lat' dir='ltr'><strong>Jehan</strong></span> <span class='ocrx_word' id='word_1_107' title='bbox 1400 1074 1688 1121; x_wconf 84' lang='lat' dir='ltr'><strong>Chanteprime,</strong></span> 
     </span>
     <span class='ocr_line' id='line_1_13' title="bbox 284 1132 1690 1175; baseline -0.004 -1"><span class='ocrx_word' id='word_1_108' title='bbox 284 1153 299 1174; x_wconf 68' lang='grc' dir='ltr'><strong>ι(</strong></span> <span class='ocrx_word' id='word_1_109' title='bbox 323 1139 424 1175; x_wconf 87' lang='lat' dir='ltr'><strong>salut</strong></span> <span class='ocrx_word' id='word_1_110' title='bbox 444 1143 482 1175; x_wconf 88' lang='lat' dir='ltr'><strong>et</strong></span> <span class='ocrx_word' id='word_1_111' title='bbox 501 1137 703 1174; x_wconf 87' lang='lat' dir='ltr'><strong>dileccion.</strong></span> <span class='ocrx_word' id='word_1_112' title='bbox 726 1137 867 1173; x_wconf 87' lang='lat' dir='ltr'><strong>Nostre</strong></span> <span class='ocrx_word' id='word_1_113' title='bbox 889 1140 967 1171; x_wconf 89' lang='lat' dir='ltr'><strong>tres</strong></span> <span class='ocrx_word' id='word_1_114' title='bbox 993 1134 1101 1171; x_wconf 84' lang='lat' dir='ltr'><strong>chier</strong></span> <span class='ocrx_word' id='word_1_115' title='bbox 1120 1139 1158 1170; x_wconf 88' lang='lat' dir='ltr'><strong>et</strong></span> <span class='ocrx_word' id='word_1_116' title='bbox 1180 1133 1265 1169; x_wconf 76' lang='lat' dir='ltr'><strong>ame</strong></span> <span class='ocrx_word' id='word_1_117' title='bbox 1291 1132 1429 1170; x_wconf 90' lang='lat' dir='ltr'><strong>cousin</strong></span> <span class='ocrx_word' id='word_1_118' title='bbox 1449 1133 1484 1169; x_wconf 92' lang='lat' dir='ltr'><strong>le</strong></span> <span class='ocrx_word' id='word_1_119' title='bbox 1505 1137 1618 1169; x_wconf 91' lang='lat' dir='ltr'><strong>conte</strong></span> <span class='ocrx_word' id='word_1_120' title='bbox 1643 1132 1690 1168; x_wconf 89' lang='lat' dir='ltr'><strong>de</strong></span> 
     </span>
     <span class='ocr_line' id='line_1_14' title="bbox 284 1191 1692 1242; baseline -0.004 -10"><span class='ocrx_word' id='word_1_121' title='bbox 284 1212 300 1232; x_wconf 89' lang='lat'>«</span> <span class='ocrx_word' id='word_1_122' title='bbox 323 1199 359 1234; x_wconf 86' lang='lat' dir='ltr'><strong>la</strong></span> <span class='ocrx_word' id='word_1_123' title='bbox 385 1198 543 1234; x_wconf 86' lang='lat' dir='ltr'><strong>Marche</strong></span> <span class='ocrx_word' id='word_1_124' title='bbox 571 1207 669 1232; x_wconf 89' lang='lat' dir='ltr'><strong>nous</strong></span> <span class='ocrx_word' id='word_1_125' title='bbox 697 1207 719 1231; x_wconf 88' lang='lat' dir='ltr'><strong>a</strong></span> <span class='ocrx_word' id='word_1_126' title='bbox 744 1195 886 1242; x_wconf 80' lang='lat' dir='ltr'><strong>expose</strong></span> <span class='ocrx_word' id='word_1_127' title='bbox 913 1204 987 1241; x_wconf 90' lang='lat' dir='ltr'><strong>que</strong></span> <span class='ocrx_word' id='word_1_128' title='bbox 1014 1203 1165 1229; x_wconf 86' lang='lat' dir='ltr'><strong>comme</strong></span> <span class='ocrx_word' id='word_1_129' title='bbox 1192 1192 1227 1228; x_wconf 95' lang='lat' dir='ltr'><strong>le</strong></span> <span class='ocrx_word' id='word_1_130' title='bbox 1254 1191 1376 1238; x_wconf 75' lang='lat' dir='ltr'><strong>xxvije</strong></span> <span class='ocrx_word' id='word_1_131' title='bbox 1398 1191 1487 1238; x_wconf 87' lang='lat' dir='ltr'><strong>jour</strong></span> <span class='ocrx_word' id='word_1_132' title='bbox 1511 1191 1556 1227; x_wconf 86' lang='lat' dir='ltr'><strong>de</strong></span> <span class='ocrx_word' id='word_1_133' title='bbox 1580 1191 1692 1238; x_wconf 84' lang='lat' dir='ltr'><strong>juing</strong></span> 
     </span>
     <span class='ocr_line' id='line_1_15' title="bbox 285 1249 1690 1302; baseline -0.005 -11"><span class='ocrx_word' id='word_1_134' title='bbox 285 1271 299 1291; x_wconf 87' lang='lat'>«</span> <span class='ocrx_word' id='word_1_135' title='bbox 324 1257 399 1293; x_wconf 87' lang='lat' dir='ltr'><strong>l’an</strong></span> <span class='ocrx_word' id='word_1_136' title='bbox 419 1256 487 1292; x_wconf 89' lang='lat' dir='ltr'><strong>mil</strong></span> <span class='ocrx_word' id='word_1_137' title='bbox 507 1267 590 1292; x_wconf 81' lang='lat' dir='ltr'><strong>cccc</strong></span> <span class='ocrx_word' id='word_1_138' title='bbox 611 1262 648 1291; x_wconf 88' lang='lat' dir='ltr'><strong>et</strong></span> <span class='ocrx_word' id='word_1_139' title='bbox 669 1261 804 1302; x_wconf 89' lang='lat' dir='ltr'><strong>quatre</strong></span> <span class='ocrx_word' id='word_1_140' title='bbox 825 1254 852 1289; x_wconf 85' lang='lat' dir='ltr'><strong>il</strong></span> <span class='ocrx_word' id='word_1_141' title='bbox 871 1259 956 1289; x_wconf 91' lang='lat' dir='ltr'><strong>eust</strong></span> <span class='ocrx_word' id='word_1_142' title='bbox 976 1252 1021 1288; x_wconf 91' lang='lat' dir='ltr'><strong>de</strong></span> <span class='ocrx_word' id='word_1_143' title='bbox 1041 1263 1110 1298; x_wconf 87' lang='lat' dir='ltr'><strong>par</strong></span> <span class='ocrx_word' id='word_1_144' title='bbox 1128 1261 1226 1287; x_wconf 90' lang='lat' dir='ltr'><strong>nous</strong></span> <span class='ocrx_word' id='word_1_145' title='bbox 1246 1251 1328 1287; x_wconf 86' lang='lat' dir='ltr'><strong>este</strong></span> <span class='ocrx_word' id='word_1_146' title='bbox 1348 1249 1519 1286; x_wconf 81' lang='lat' dir='ltr'><strong>ordonne</strong></span> <span class='ocrx_word' id='word_1_147' title='bbox 1537 1255 1575 1285; x_wconf 94' lang='lat' dir='ltr'><strong>et</strong></span> <span class='ocrx_word' id='word_1_148' title='bbox 1590 1260 1690 1285; x_wconf 89' lang='lat' dir='ltr'><strong>com-</strong></span> 
     </span>
     <span class='ocr_line' id='line_1_16' title="bbox 284 1306 1692 1360; baseline -0.004 -11"><span class='ocrx_word' id='word_1_149' title='bbox 284 1329 298 1349; x_wconf 86' lang='lat'>«</span> <span class='ocrx_word' id='word_1_150' title='bbox 323 1315 397 1351; x_wconf 88' lang='lat' dir='ltr'><strong>mis</strong></span> <span class='ocrx_word' id='word_1_151' title='bbox 418 1315 498 1351; x_wconf 88' lang='lat' dir='ltr'><strong>aler</strong></span> <span class='ocrx_word' id='word_1_152' title='bbox 513 1325 562 1350; x_wconf 92' lang='lat' dir='ltr'><strong>en</strong></span> <span class='ocrx_word' id='word_1_153' title='bbox 582 1323 776 1360; x_wconf 86' lang='lat' dir='ltr'><strong>personne</strong></span> <span class='ocrx_word' id='word_1_154' title='bbox 797 1323 846 1348; x_wconf 94' lang='lat' dir='ltr'><strong>ou</strong></span> <span class='ocrx_word' id='word_1_155' title='bbox 873 1313 955 1357; x_wconf 81' lang='lat' dir='ltr'><strong>pais</strong></span> <span class='ocrx_word' id='word_1_156' title='bbox 977 1309 1023 1345; x_wconf 92' lang='lat' dir='ltr'><strong>de</strong></span> <span class='ocrx_word' id='word_1_157' title='bbox 1045 1309 1162 1345; x_wconf 88' lang='lat' dir='ltr'><strong>Gales</strong></span> <span class='ocrx_word' id='word_1_158' title='bbox 1182 1312 1221 1344; x_wconf 90' lang='lat' dir='ltr'><strong>et</strong></span> <span class='ocrx_word' id='word_1_159' title='bbox 1242 1320 1264 1355; x_wconf 88' lang='lat' dir='ltr'>y</span> <span class='ocrx_word' id='word_1_160' title='bbox 1285 1318 1433 1351; x_wconf 88' lang='lat' dir='ltr'><strong>mener,</strong></span> <span class='ocrx_word' id='word_1_161' title='bbox 1450 1306 1636 1344; x_wconf 86' lang='lat' dir='ltr'><strong>conduire</strong></span> <span class='ocrx_word' id='word_1_162' title='bbox 1654 1312 1692 1343; x_wconf 89' lang='lat' dir='ltr'><strong>et</strong></span> 
     </span>
     <span class='ocr_line' id='line_1_17' title="bbox 284 1366 1692 1418; baseline -0.006 -10"><span class='ocrx_word' id='word_1_163' title='bbox 284 1389 300 1408; x_wconf 93' lang='lat'>«</span> <span class='ocrx_word' id='word_1_164' title='bbox 321 1374 424 1411; x_wconf 86' lang='lat' dir='ltr'><strong>tenir</strong></span> <span class='ocrx_word' id='word_1_165' title='bbox 443 1385 492 1409; x_wconf 90' lang='lat' dir='ltr'><strong>en</strong></span> <span class='ocrx_word' id='word_1_166' title='bbox 515 1384 557 1409; x_wconf 90' lang='lat' dir='ltr'><strong>sa</strong></span> <span class='ocrx_word' id='word_1_167' title='bbox 577 1369 818 1418; x_wconf 79' lang='lat' dir='ltr'><strong>compaignie</strong></span> <span class='ocrx_word' id='word_1_168' title='bbox 839 1369 980 1404; x_wconf 81' lang='lat' dir='ltr'><strong>durant</strong></span> <span class='ocrx_word' id='word_1_169' title='bbox 995 1368 1144 1404; x_wconf 86' lang='lat' dir='ltr'><strong>certain</strong></span> <span class='ocrx_word' id='word_1_170' title='bbox 1160 1372 1285 1413; x_wconf 83' lang='lat' dir='ltr'><strong>temps</strong></span> <span class='ocrx_word' id='word_1_171' title='bbox 1305 1366 1390 1402; x_wconf 85' lang='lat' dir='ltr'><strong>huit</strong></span> <span class='ocrx_word' id='word_1_172' title='bbox 1406 1376 1499 1402; x_wconf 91' lang='lat' dir='ltr'><strong>cens</strong></span> <span class='ocrx_word' id='word_1_173' title='bbox 1515 1366 1692 1402; x_wconf 90' lang='lat' dir='ltr'><strong>hommes</strong></span> 
     </span>
     <span class='ocr_line' id='line_1_18' title="bbox 283 1425 1692 1473; baseline -0.008 -3"><span class='ocrx_word' id='word_1_174' title='bbox 283 1447 298 1468; x_wconf 73' lang='grc' dir='ltr'><em>α</em></span> <span class='ocrx_word' id='word_1_175' title='bbox 322 1434 486 1469; x_wconf 84' lang='lat' dir='ltr'><strong>d&#39;armes</strong></span> <span class='ocrx_word' id='word_1_176' title='bbox 516 1438 553 1468; x_wconf 90' lang='lat' dir='ltr'><strong>et</strong></span> <span class='ocrx_word' id='word_1_177' title='bbox 582 1431 675 1467; x_wconf 89' lang='lat' dir='ltr'><strong>trois</strong></span> <span class='ocrx_word' id='word_1_178' title='bbox 701 1439 794 1466; x_wconf 88' lang='lat' dir='ltr'><strong>cens</strong></span> <span class='ocrx_word' id='word_1_179' title='bbox 821 1427 1102 1473; x_wconf 76' lang='lat' dir='ltr'><strong>arbalestrierS,</strong></span> <span class='ocrx_word' id='word_1_180' title='bbox 1123 1437 1219 1473; x_wconf 89' lang='lat' dir='ltr'><strong>pour</strong></span> <span class='ocrx_word' id='word_1_181' title='bbox 1240 1426 1313 1461; x_wconf 89' lang='lat' dir='ltr'><strong>ilec</strong></span> <span class='ocrx_word' id='word_1_182' title='bbox 1340 1425 1433 1460; x_wconf 85' lang='lat' dir='ltr'><strong>faire</strong></span> <span class='ocrx_word' id='word_1_183' title='bbox 1460 1435 1598 1471; x_wconf 84' lang='lat' dir='ltr'><strong>guerre</strong></span> <span class='ocrx_word' id='word_1_184' title='bbox 1622 1434 1692 1459; x_wconf 88' lang='lat' dir='ltr'><strong>aus</strong></span> 
     </span>
     <span class='ocr_line' id='line_1_19' title="bbox 287 1483 1691 1538; baseline -0.008 -10"><span class='ocrx_word' id='word_1_185' title='bbox 287 1506 302 1524; x_wconf 88' lang='lat'>«</span> <span class='ocrx_word' id='word_1_186' title='bbox 324 1491 505 1538; x_wconf 85' lang='lat' dir='ltr'><strong>Angloiz,</strong></span> <span class='ocrx_word' id='word_1_187' title='bbox 534 1501 606 1526; x_wconf 82' lang='lat' dir='ltr'><strong>noz</strong></span> <span class='ocrx_word' id='word_1_188' title='bbox 633 1487 827 1533; x_wconf 89' lang='lat' dir='ltr'><strong>ennemis,</strong></span> <span class='ocrx_word' id='word_1_189' title='bbox 854 1492 892 1522; x_wconf 89' lang='lat' dir='ltr'><strong>et</strong></span> <span class='ocrx_word' id='word_1_190' title='bbox 922 1485 1095 1521; x_wconf 85' lang='lat' dir='ltr'><strong>secourir</strong></span> <span class='ocrx_word' id='word_1_191' title='bbox 1121 1485 1143 1520; x_wconf 76' lang='grc' dir='ltr'><strong>ὲ.</strong></span> <span class='ocrx_word' id='word_1_192' title='bbox 1169 1484 1382 1520; x_wconf 84' lang='lat' dir='ltr'><strong>l’encontre</strong></span> <span class='ocrx_word' id='word_1_193' title='bbox 1410 1483 1534 1518; x_wconf 84' lang='lat' dir='ltr'><strong>d’eulx</strong></span> <span class='ocrx_word' id='word_1_194' title='bbox 1560 1488 1691 1519; x_wconf 88' lang='lat' dir='ltr'><strong>nostre</strong></span> 
     </span>
     <span class='ocr_line' id='line_1_20' title="bbox 285 1541 1693 1594; baseline -0.006 -9"><span class='ocrx_word' id='word_1_195' title='bbox 285 1565 300 1585; x_wconf 87' lang='lat'>«</span> <span class='ocrx_word' id='word_1_196' title='bbox 324 1551 458 1588; x_wconf 89' lang='lat' dir='ltr'><strong>cousin</strong></span> <span class='ocrx_word' id='word_1_197' title='bbox 485 1555 522 1586; x_wconf 89' lang='lat' dir='ltr'><strong>et</strong></span> <span class='ocrx_word' id='word_1_198' title='bbox 551 1548 624 1585; x_wconf 82' lang='lat' dir='ltr'><strong>alie</strong></span> <span class='ocrx_word' id='word_1_199' title='bbox 651 1548 685 1583; x_wconf 90' lang='lat' dir='ltr'><strong>le</strong></span> <span class='ocrx_word' id='word_1_200' title='bbox 711 1547 846 1594; x_wconf 84' lang='lat' dir='ltr'><strong>prince</strong></span> <span class='ocrx_word' id='word_1_201' title='bbox 873 1545 918 1581; x_wconf 89' lang='lat' dir='ltr'><strong>de</strong></span> <span class='ocrx_word' id='word_1_202' title='bbox 946 1544 1080 1587; x_wconf 85' lang='lat' dir='ltr'><strong>Gales;</strong></span> <span class='ocrx_word' id='word_1_203' title='bbox 1109 1554 1207 1590; x_wconf 88' lang='lat' dir='ltr'><strong>pour</strong></span> <span class='ocrx_word' id='word_1_204' title='bbox 1226 1542 1353 1589; x_wconf 89' lang='lat' dir='ltr'><strong>lequel</strong></span> <span class='ocrx_word' id='word_1_205' title='bbox 1373 1542 1508 1588; x_wconf 86' lang='lat' dir='ltr'><strong>voiage</strong></span> <span class='ocrx_word' id='word_1_206' title='bbox 1534 1541 1628 1578; x_wconf 83' lang='lat' dir='ltr'><strong>faire</strong></span> <span class='ocrx_word' id='word_1_207' title='bbox 1656 1546 1693 1577; x_wconf 91' lang='lat' dir='ltr'><strong>et</strong></span> 
     </span>
     <span class='ocr_line' id='line_1_21' title="bbox 285 1599 1693 1655; baseline -0.007 -10"><span class='ocrx_word' id='word_1_208' title='bbox 285 1623 300 1644; x_wconf 85' lang='lat'>«</span> <span class='ocrx_word' id='word_1_209' title='bbox 325 1608 511 1655; x_wconf 84' lang='lat' dir='ltr'><strong>acomplir</strong></span> <span class='ocrx_word' id='word_1_210' title='bbox 537 1617 636 1643; x_wconf 90' lang='lat' dir='ltr'><strong>nous</strong></span> <span class='ocrx_word' id='word_1_211' title='bbox 662 1606 818 1642; x_wconf 86' lang='lat' dir='ltr'><strong>feismes</strong></span> <span class='ocrx_word' id='word_1_212' title='bbox 844 1613 1045 1650; x_wconf 90' lang='lat' dir='ltr'><strong>composer</strong></span> <span class='ocrx_word' id='word_1_213' title='bbox 1066 1612 1257 1648; x_wconf 87' lang='lat' dir='ltr'><strong>avecques</strong></span> <span class='ocrx_word' id='word_1_214' title='bbox 1282 1601 1337 1636; x_wconf 91' lang='lat' dir='ltr'><strong>lui</strong></span> <span class='ocrx_word' id='word_1_215' title='bbox 1362 1601 1384 1636; x_wconf 75' lang='lat' dir='ltr'><strong>a</strong></span> <span class='ocrx_word' id='word_1_216' title='bbox 1410 1601 1447 1636; x_wconf 86' lang='lat' dir='ltr'><strong>la</strong></span> <span class='ocrx_word' id='word_1_217' title='bbox 1474 1611 1623 1637; x_wconf 85' lang='lat' dir='ltr'><strong>somme</strong></span> <span class='ocrx_word' id='word_1_218' title='bbox 1647 1599 1693 1635; x_wconf 90' lang='lat' dir='ltr'><strong>de</strong></span> 
     </span>
     <span class='ocr_line' id='line_1_22' title="bbox 285 1659 1694 1710; baseline -0.006 -9"><span class='ocrx_word' id='word_1_219' title='bbox 285 1681 299 1701; x_wconf 89' lang='lat'>«</span> <span class='ocrx_word' id='word_1_220' title='bbox 324 1672 413 1704; x_wconf 90' lang='lat' dir='ltr'><strong>cent</strong></span> <span class='ocrx_word' id='word_1_221' title='bbox 442 1666 533 1702; x_wconf 86' lang='lat' dir='ltr'><strong>mile</strong></span> <span class='ocrx_word' id='word_1_222' title='bbox 566 1676 680 1701; x_wconf 87' lang='lat' dir='ltr'><strong>escuz</strong></span> <span class='ocrx_word' id='word_1_223' title='bbox 708 1663 801 1709; x_wconf 86' lang='lat' dir='ltr'><strong>d&#39;or,</strong></span> <span class='ocrx_word' id='word_1_224' title='bbox 828 1662 893 1710; x_wconf 84' lang='lat' dir='ltr'><strong>qui</strong></span> <span class='ocrx_word' id='word_1_225' title='bbox 920 1661 1051 1697; x_wconf 81' lang='lat' dir='ltr'><strong>valent</strong></span> <span class='ocrx_word' id='word_1_226' title='bbox 1084 1667 1173 1697; x_wconf 87' lang='lat' dir='ltr'><strong>cent</strong></span> <span class='ocrx_word' id='word_1_227' title='bbox 1202 1659 1322 1695; x_wconf 90' lang='lat' dir='ltr'><strong>douze</strong></span> <span class='ocrx_word' id='word_1_228' title='bbox 1354 1659 1446 1695; x_wconf 86' lang='lat' dir='ltr'><strong>mile</strong></span> <span class='ocrx_word' id='word_1_229' title='bbox 1479 1659 1569 1705; x_wconf 86' lang='lat' dir='ltr'><strong>cinq</strong></span> <span class='ocrx_word' id='word_1_230' title='bbox 1601 1668 1694 1695; x_wconf 89' lang='lat' dir='ltr'><strong>cens</strong></span> 
     </span>
     <span class='ocr_line' id='line_1_23' title="bbox 286 1716 1695 1772; baseline -0.007 -10"><span class='ocrx_word' id='word_1_231' title='bbox 286 1740 300 1761; x_wconf 72' lang='grc' dir='ltr'>ε</span> <span class='ocrx_word' id='word_1_232' title='bbox 324 1727 445 1771; x_wconf 89' lang='lat' dir='ltr'><strong>frans,</strong></span> <span class='ocrx_word' id='word_1_233' title='bbox 467 1724 558 1772; x_wconf 81' lang='lat' dir='ltr'><strong>qu&#39;il</strong></span> <span class='ocrx_word' id='word_1_234' title='bbox 579 1723 706 1760; x_wconf 83' lang='lat' dir='ltr'><strong>devoit</strong></span> <span class='ocrx_word' id='word_1_235' title='bbox 726 1733 822 1768; x_wconf 90' lang='lat' dir='ltr'><strong>pour</strong></span> <span class='ocrx_word' id='word_1_236' title='bbox 842 1732 886 1758; x_wconf 90' lang='lat' dir='ltr'><strong>ce</strong></span> <span class='ocrx_word' id='word_1_237' title='bbox 907 1719 1013 1756; x_wconf 84' lang='lat' dir='ltr'><strong>avoir</strong></span> <span class='ocrx_word' id='word_1_238' title='bbox 1026 1730 1123 1766; x_wconf 89' lang='lat' dir='ltr'><strong>pour</strong></span> <span class='ocrx_word' id='word_1_239' title='bbox 1137 1723 1263 1755; x_wconf 86' lang='lat' dir='ltr'><strong>tontes</strong></span> <span class='ocrx_word' id='word_1_240' title='bbox 1285 1719 1436 1764; x_wconf 79' lang='lat' dir='ltr'><strong>choses,</strong></span> <span class='ocrx_word' id='word_1_241' title='bbox 1451 1722 1488 1754; x_wconf 89' lang='lat' dir='ltr'><strong>et</strong></span> <span class='ocrx_word' id='word_1_242' title='bbox 1508 1716 1695 1764; x_wconf 83' lang='lat' dir='ltr'><strong>desquelx</strong></span> 
     </span>
     <span class='ocr_line' id='line_1_24' title="bbox 286 1776 1694 1826; baseline -0.006 -7"><span class='ocrx_word' id='word_1_243' title='bbox 286 1799 302 1819; x_wconf 93' lang='lat'>«</span> <span class='ocrx_word' id='word_1_244' title='bbox 324 1794 418 1820; x_wconf 73' lang='lat' dir='ltr'><strong>cng</strong></span> <span class='ocrx_word' id='word_1_245' title='bbox 434 1792 472 1820; x_wconf 84' lang='lat' dir='ltr'><strong>vC</strong></span> <span class='ocrx_word' id='word_1_246' title='bbox 495 1784 599 1819; x_wconf 85' lang='lat' dir='ltr'><strong>frans</strong></span> <span class='ocrx_word' id='word_1_247' title='bbox 614 1782 641 1818; x_wconf 84' lang='lat' dir='ltr'><strong>il</strong></span> <span class='ocrx_word' id='word_1_248' title='bbox 656 1781 712 1818; x_wconf 87' lang='lat' dir='ltr'><strong>fut</strong></span> <span class='ocrx_word' id='word_1_249' title='bbox 727 1780 793 1816; x_wconf 88' lang='lat' dir='ltr'><strong>des</strong></span> <span class='ocrx_word' id='word_1_250' title='bbox 814 1780 890 1816; x_wconf 90' lang='lat' dir='ltr'><strong>lors</strong></span> <span class='ocrx_word' id='word_1_251' title='bbox 905 1778 989 1826; x_wconf 82' lang='lat' dir='ltr'><strong>paie</strong></span> <span class='ocrx_word' id='word_1_252' title='bbox 1010 1784 1047 1814; x_wconf 90' lang='lat' dir='ltr'><strong>et</strong></span> <span class='ocrx_word' id='word_1_253' title='bbox 1068 1778 1251 1814; x_wconf 78' lang='lat' dir='ltr'><strong>contente</strong></span> <span class='ocrx_word' id='word_1_254' title='bbox 1265 1782 1303 1813; x_wconf 93' lang='lat' dir='ltr'><strong>et</strong></span> <span class='ocrx_word' id='word_1_255' title='bbox 1318 1777 1397 1813; x_wconf 89' lang='lat' dir='ltr'><strong>s’en</strong></span> <span class='ocrx_word' id='word_1_256' title='bbox 1412 1776 1540 1823; x_wconf 80' lang='lat' dir='ltr'><strong>obliga</strong></span> <span class='ocrx_word' id='word_1_257' title='bbox 1554 1786 1694 1812; x_wconf 84' lang='lat' dir='ltr'><strong>envers</strong></span> 
     </span>
     <span class='ocr_line' id='line_1_25' title="bbox 286 1834 1692 1886; baseline -0.005 -9"><span class='ocrx_word' id='word_1_258' title='bbox 286 1858 302 1878; x_wconf 92' lang='lat'>«</span> <span class='ocrx_word' id='word_1_259' title='bbox 325 1855 423 1880; x_wconf 89' lang='lat' dir='ltr'><strong>nous</strong></span> <span class='ocrx_word' id='word_1_260' title='bbox 444 1842 489 1879; x_wconf 91' lang='lat' dir='ltr'><strong>de</strong></span> <span class='ocrx_word' id='word_1_261' title='bbox 510 1842 605 1878; x_wconf 79' lang='lat' dir='ltr'><strong>faire</strong></span> <span class='ocrx_word' id='word_1_262' title='bbox 625 1846 662 1877; x_wconf 88' lang='lat' dir='ltr'><strong>et</strong></span> <span class='ocrx_word' id='word_1_263' title='bbox 678 1838 865 1886; x_wconf 87' lang='lat' dir='ltr'><strong>acomplir</strong></span> <span class='ocrx_word' id='word_1_264' title='bbox 878 1838 969 1874; x_wconf 85' lang='lat' dir='ltr'><strong>ledit</strong></span> <span class='ocrx_word' id='word_1_265' title='bbox 983 1837 1118 1884; x_wconf 84' lang='lat' dir='ltr'><strong>voiage</strong></span> <span class='ocrx_word' id='word_1_266' title='bbox 1140 1847 1188 1872; x_wconf 92' lang='lat' dir='ltr'><strong>en</strong></span> <span class='ocrx_word' id='word_1_267' title='bbox 1208 1837 1246 1872; x_wconf 90' lang='lat' dir='ltr'><strong>la</strong></span> <span class='ocrx_word' id='word_1_268' title='bbox 1265 1835 1438 1872; x_wconf 88' lang='lat' dir='ltr'><strong>maniere</strong></span> <span class='ocrx_word' id='word_1_269' title='bbox 1457 1846 1531 1883; x_wconf 90' lang='lat' dir='ltr'><strong>que</strong></span> <span class='ocrx_word' id='word_1_270' title='bbox 1552 1834 1606 1870; x_wconf 84' lang='lat' dir='ltr'><strong>dit</strong></span> <span class='ocrx_word' id='word_1_271' title='bbox 1621 1839 1692 1878; x_wconf 88' lang='lat' dir='ltr'><strong>est,</strong></span> 
     </span>
     <span class='ocr_line' id='line_1_26' title="bbox 285 1895 1694 1951; baseline -0.006 -13"><span class='ocrx_word' id='word_1_272' title='bbox 285 1918 300 1938; x_wconf 94' lang='lat'>«</span> <span class='ocrx_word' id='word_1_273' title='bbox 323 1915 392 1951; x_wconf 85' lang='lat' dir='ltr'><strong>par</strong></span> <span class='ocrx_word' id='word_1_274' title='bbox 412 1914 473 1940; x_wconf 91' lang='lat' dir='ltr'><strong>ses</strong></span> <span class='ocrx_word' id='word_1_275' title='bbox 494 1903 627 1939; x_wconf 80' lang='lat' dir='ltr'><strong>lettres</strong></span> <span class='ocrx_word' id='word_1_276' title='bbox 648 1900 810 1937; x_wconf 82' lang='lat' dir='ltr'><strong>seellees</strong></span> <span class='ocrx_word' id='word_1_277' title='bbox 830 1899 875 1934; x_wconf 86' lang='lat' dir='ltr'><strong>de</strong></span> <span class='ocrx_word' id='word_1_278' title='bbox 897 1909 968 1934; x_wconf 89' lang='lat' dir='ltr'><strong>son</strong></span> <span class='ocrx_word' id='word_1_279' title='bbox 989 1898 1085 1940; x_wconf 89' lang='lat' dir='ltr'><strong>seel;</strong></span> <span class='ocrx_word' id='word_1_280' title='bbox 1111 1895 1315 1944; x_wconf 86' lang='lat' dir='ltr'><strong>lesquelles</strong></span> <span class='ocrx_word' id='word_1_281' title='bbox 1337 1895 1468 1931; x_wconf 83' lang='lat' dir='ltr'><strong>lettres</strong></span> <span class='ocrx_word' id='word_1_282' title='bbox 1486 1905 1581 1931; x_wconf 83' lang='lat' dir='ltr'><strong>vous</strong></span> <span class='ocrx_word' id='word_1_283' title='bbox 1603 1905 1694 1930; x_wconf 85' lang='lat' dir='ltr'><strong>avez</strong></span> 
     </span>
     <span class='ocr_line' id='line_1_27' title="bbox 287 1953 1695 2009; baseline -0.006 -13"><span class='ocrx_word' id='word_1_284' title='bbox 287 1975 302 1996; x_wconf 85' lang='lat'>«</span> <span class='ocrx_word' id='word_1_285' title='bbox 325 1974 374 1999; x_wconf 89' lang='lat' dir='ltr'><strong>en</strong></span> <span class='ocrx_word' id='word_1_286' title='bbox 401 1961 516 2009; x_wconf 82' lang='lat' dir='ltr'><strong>garde</strong></span> <span class='ocrx_word' id='word_1_287' title='bbox 542 1960 677 1996; x_wconf 89' lang='lat' dir='ltr'><strong>devers</strong></span> <span class='ocrx_word' id='word_1_288' title='bbox 698 1969 811 2001; x_wconf 88' lang='lat' dir='ltr'><strong>vous;</strong></span> <span class='ocrx_word' id='word_1_289' title='bbox 835 1962 873 1993; x_wconf 88' lang='lat' dir='ltr'><strong>et</strong></span> <span class='ocrx_word' id='word_1_290' title='bbox 896 1956 936 2003; x_wconf 85' lang='lat' dir='ltr'><strong>ja</strong></span> <span class='ocrx_word' id='word_1_291' title='bbox 963 1956 1038 1992; x_wconf 84' lang='lat' dir='ltr'><strong>soit</strong></span> <span class='ocrx_word' id='word_1_292' title='bbox 1064 1966 1106 1991; x_wconf 90' lang='lat' dir='ltr'><strong>ce</strong></span> <span class='ocrx_word' id='word_1_293' title='bbox 1135 1965 1209 2002; x_wconf 87' lang='lat' dir='ltr'><strong>que</strong></span> <span class='ocrx_word' id='word_1_294' title='bbox 1236 1965 1331 2001; x_wconf 90' lang='lat' dir='ltr'><strong>pour</strong></span> <span class='ocrx_word' id='word_1_295' title='bbox 1352 1953 1538 2000; x_wconf 87' lang='lat' dir='ltr'><strong>acomplir</strong></span> <span class='ocrx_word' id='word_1_296' title='bbox 1559 1963 1601 1989; x_wconf 92' lang='lat' dir='ltr'><strong>ce</strong></span> <span class='ocrx_word' id='word_1_297' title='bbox 1621 1961 1695 1999; x_wconf 90' lang='lat' dir='ltr'><strong>que</strong></span> 
     </span>
     <span class='ocr_line' id='line_1_28' title="bbox 287 2010 1695 2065; baseline -0.006 -9"><span class='ocrx_word' id='word_1_298' title='bbox 287 2034 302 2056; x_wconf 71' lang='grc' dir='ltr'><strong>(ι</strong></span> <span class='ocrx_word' id='word_1_299' title='bbox 326 2021 380 2056; x_wconf 89' lang='lat' dir='ltr'><strong>dit</strong></span> <span class='ocrx_word' id='word_1_300' title='bbox 412 2025 489 2065; x_wconf 91' lang='lat' dir='ltr'><strong>est,</strong></span> <span class='ocrx_word' id='word_1_301' title='bbox 524 2018 642 2056; x_wconf 90' lang='lat' dir='ltr'><strong>icelui</strong></span> <span class='ocrx_word' id='word_1_302' title='bbox 670 2022 802 2053; x_wconf 86' lang='lat' dir='ltr'><strong>nostre</strong></span> <span class='ocrx_word' id='word_1_303' title='bbox 828 2015 984 2060; x_wconf 90' lang='lat' dir='ltr'><strong>cousin,</strong></span> <span class='ocrx_word' id='word_1_304' title='bbox 1019 2013 1286 2060; x_wconf 77' lang='lat' dir='ltr'><strong>acompaignie</strong></span> <span class='ocrx_word' id='word_1_305' title='bbox 1317 2012 1423 2049; x_wconf 88' lang='lat' dir='ltr'><strong>dudit</strong></span> <span class='ocrx_word' id='word_1_306' title='bbox 1456 2011 1617 2048; x_wconf 86' lang='lat' dir='ltr'><strong>nombre</strong></span> <span class='ocrx_word' id='word_1_307' title='bbox 1649 2010 1695 2047; x_wconf 91' lang='lat' dir='ltr'><strong>de</strong></span> 
     </span>
     <span class='ocr_line' id='line_1_29' title="bbox 287 2070 1696 2128; baseline -0.009 -12"><span class='ocrx_word' id='word_1_308' title='bbox 287 2094 302 2115; x_wconf 69' lang='grc' dir='ltr'><strong>(ι</strong></span> <span class='ocrx_word' id='word_1_309' title='bbox 328 2089 423 2128; x_wconf 87' lang='lat' dir='ltr'><strong>gens</strong></span> <span class='ocrx_word' id='word_1_310' title='bbox 443 2079 609 2114; x_wconf 84' lang='lat' dir='ltr'><strong>d&#39;armes</strong></span> <span class='ocrx_word' id='word_1_311' title='bbox 630 2082 668 2113; x_wconf 91' lang='lat' dir='ltr'><strong>et</strong></span> <span class='ocrx_word' id='word_1_312' title='bbox 683 2074 962 2117; x_wconf 86' lang='lat' dir='ltr'><strong>arbalestriers‚</strong></span> <span class='ocrx_word' id='word_1_313' title='bbox 979 2084 1019 2109; x_wconf 90' lang='lat' dir='ltr'><strong>se</strong></span> <span class='ocrx_word' id='word_1_314' title='bbox 1034 2073 1136 2110; x_wconf 88' lang='lat' dir='ltr'><strong>feust</strong></span> <span class='ocrx_word' id='word_1_315' title='bbox 1157 2072 1224 2108; x_wconf 89' lang='lat' dir='ltr'><strong>des</strong></span> <span class='ocrx_word' id='word_1_316' title='bbox 1244 2072 1321 2108; x_wconf 89' lang='lat' dir='ltr'><strong>lors</strong></span> <span class='ocrx_word' id='word_1_317' title='bbox 1342 2070 1440 2118; x_wconf 86' lang='lat' dir='ltr'><strong>parti</strong></span> <span class='ocrx_word' id='word_1_318' title='bbox 1459 2075 1498 2106; x_wconf 91' lang='lat' dir='ltr'><strong>et</strong></span> <span class='ocrx_word' id='word_1_319' title='bbox 1517 2070 1627 2106; x_wconf 81' lang='lat' dir='ltr'><strong>entre</strong></span> <span class='ocrx_word' id='word_1_320' title='bbox 1646 2080 1696 2105; x_wconf 89' lang='lat' dir='ltr'><strong>en</strong></span> 
     </span>
     <span class='ocr_line' id='line_1_30' title="bbox 289 2128 1695 2180; baseline -0.008 -5"><span class='ocrx_word' id='word_1_321' title='bbox 289 2154 305 2174; x_wconf 89' lang='lat'>«</span> <span class='ocrx_word' id='word_1_322' title='bbox 327 2150 411 2175; x_wconf 90' lang='lat' dir='ltr'><strong>mer</strong></span> <span class='ocrx_word' id='word_1_323' title='bbox 430 2149 479 2174; x_wconf 90' lang='lat' dir='ltr'><strong>en</strong></span> <span class='ocrx_word' id='word_1_324' title='bbox 500 2136 702 2173; x_wconf 87' lang='lat' dir='ltr'><strong>intencion</strong></span> <span class='ocrx_word' id='word_1_325' title='bbox 729 2134 774 2170; x_wconf 91' lang='lat' dir='ltr'><strong>de</strong></span> <span class='ocrx_word' id='word_1_326' title='bbox 801 2134 895 2169; x_wconf 86' lang='lat' dir='ltr'><strong>faire</strong></span> <span class='ocrx_word' id='word_1_327' title='bbox 916 2139 954 2169; x_wconf 90' lang='lat' dir='ltr'><strong>et</strong></span> <span class='ocrx_word' id='word_1_328' title='bbox 974 2131 1138 2180; x_wconf 84' lang='lat' dir='ltr'><strong>parfaire</strong></span> <span class='ocrx_word' id='word_1_329' title='bbox 1164 2131 1257 2167; x_wconf 89' lang='lat' dir='ltr'><strong>ledit</strong></span> <span class='ocrx_word' id='word_1_330' title='bbox 1277 2130 1426 2177; x_wconf 84' lang='lat' dir='ltr'><strong>voiage,</strong></span> <span class='ocrx_word' id='word_1_331' title='bbox 1449 2128 1695 2165; x_wconf 85' lang='lat' dir='ltr'><strong>neantmoins</strong></span> 
     </span>
     <span class='ocr_line' id='line_1_31' title="bbox 290 2186 1696 2244; baseline -0.007 -12"><span class='ocrx_word' id='word_1_332' title='bbox 290 2212 306 2232; x_wconf 90' lang='lat'>«</span> <span class='ocrx_word' id='word_1_333' title='bbox 327 2208 424 2244; x_wconf 88' lang='lat' dir='ltr'><strong>pour</strong></span> <span class='ocrx_word' id='word_1_334' title='bbox 445 2206 559 2232; x_wconf 86' lang='lat' dir='ltr'><strong>cause</strong></span> <span class='ocrx_word' id='word_1_335' title='bbox 579 2194 624 2231; x_wconf 92' lang='lat' dir='ltr'><strong>de</strong></span> <span class='ocrx_word' id='word_1_336' title='bbox 646 2192 817 2230; x_wconf 82' lang='lat' dir='ltr'><strong>certaine</strong></span> <span class='ocrx_word' id='word_1_337' title='bbox 845 2196 958 2239; x_wconf 82' lang='lat' dir='ltr'><strong>grant</strong></span> <span class='ocrx_word' id='word_1_338' title='bbox 979 2191 1132 2226; x_wconf 86' lang='lat' dir='ltr'><strong>fortune</strong></span> <span class='ocrx_word' id='word_1_339' title='bbox 1153 2195 1191 2225; x_wconf 87' lang='lat' dir='ltr'><strong>et</strong></span> <span class='ocrx_word' id='word_1_340' title='bbox 1210 2194 1399 2236; x_wconf 88' lang='lat' dir='ltr'><strong>tempeste</strong></span> <span class='ocrx_word' id='word_1_341' title='bbox 1419 2188 1464 2223; x_wconf 90' lang='lat' dir='ltr'><strong>de</strong></span> <span class='ocrx_word' id='word_1_342' title='bbox 1485 2193 1610 2234; x_wconf 88' lang='lat' dir='ltr'><strong>temps</strong></span> <span class='ocrx_word' id='word_1_343' title='bbox 1630 2186 1696 2234; x_wconf 85' lang='lat' dir='ltr'><strong>qui</strong></span> 
     </span>
     <span class='ocr_line' id='line_1_32' title="bbox 290 2246 1696 2298; baseline -0.006 -8"><span class='ocrx_word' id='word_1_344' title='bbox 290 2270 306 2290; x_wconf 78' lang='grc' dir='ltr'>α</span> <span class='ocrx_word' id='word_1_345' title='bbox 329 2256 406 2292; x_wconf 93' lang='lat' dir='ltr'><strong>lors</strong></span> <span class='ocrx_word' id='word_1_346' title='bbox 432 2254 548 2291; x_wconf 87' lang='lat' dir='ltr'><strong>estoit</strong></span> <span class='ocrx_word' id='word_1_347' title='bbox 570 2265 635 2290; x_wconf 90' lang='lat' dir='ltr'><strong>sur</strong></span> <span class='ocrx_word' id='word_1_348' title='bbox 655 2253 692 2288; x_wconf 87' lang='lat' dir='ltr'><strong>la</strong></span> <span class='ocrx_word' id='word_1_349' title='bbox 712 2263 795 2288; x_wconf 90' lang='lat' dir='ltr'><strong>mer</strong></span> <span class='ocrx_word' id='word_1_350' title='bbox 815 2256 851 2287; x_wconf 92' lang='lat' dir='ltr'><strong>et</strong></span> <span class='ocrx_word' id='word_1_351' title='bbox 871 2250 936 2298; x_wconf 83' lang='lat' dir='ltr'><strong>qui</strong></span> <span class='ocrx_word' id='word_1_352' title='bbox 964 2250 1017 2286; x_wconf 88' lang='lat' dir='ltr'><strong>lui</strong></span> <span class='ocrx_word' id='word_1_353' title='bbox 1043 2249 1159 2285; x_wconf 87' lang='lat' dir='ltr'><strong>estoit</strong></span> <span class='ocrx_word' id='word_1_354' title='bbox 1180 2254 1217 2284; x_wconf 89' lang='lat' dir='ltr'><strong>et</strong></span> <span class='ocrx_word' id='word_1_355' title='bbox 1241 2247 1280 2284; x_wconf 86' lang='lat' dir='ltr'><strong>fu</strong></span> <span class='ocrx_word' id='word_1_356' title='bbox 1301 2247 1424 2283; x_wconf 89' lang='lat' dir='ltr'><strong>moult</strong></span> <span class='ocrx_word' id='word_1_357' title='bbox 1444 2246 1634 2282; x_wconf 87' lang='lat' dir='ltr'><strong>contraire</strong></span> <span class='ocrx_word' id='word_1_358' title='bbox 1659 2251 1696 2281; x_wconf 88' lang='lat' dir='ltr'><strong>et</strong></span> 
     </span>
     <span class='ocr_line' id='line_1_33' title="bbox 291 2303 1695 2360; baseline -0.007 -11"><span class='ocrx_word' id='word_1_359' title='bbox 291 2329 306 2349; x_wconf 89' lang='lat'>«</span> <span class='ocrx_word' id='word_1_360' title='bbox 328 2315 514 2351; x_wconf 82' lang='lat' dir='ltr'><strong>telement</strong></span> <span class='ocrx_word' id='word_1_361' title='bbox 534 2311 626 2360; x_wconf 88' lang='lat' dir='ltr'><strong>qu’il</strong></span> <span class='ocrx_word' id='word_1_362' title='bbox 646 2321 694 2347; x_wconf 89' lang='lat' dir='ltr'><strong>ne</strong></span> <span class='ocrx_word' id='word_1_363' title='bbox 714 2316 779 2357; x_wconf 89' lang='lat' dir='ltr'><strong>pot</strong></span> <span class='ocrx_word' id='word_1_364' title='bbox 799 2310 880 2345; x_wconf 89' lang='lat' dir='ltr'><strong>aler</strong></span> <span class='ocrx_word' id='word_1_365' title='bbox 898 2320 945 2345; x_wconf 90' lang='lat' dir='ltr'><strong>ne</strong></span> <span class='ocrx_word' id='word_1_366' title='bbox 967 2309 1115 2345; x_wconf 84' lang='lat' dir='ltr'><strong>arriver</strong></span> <span class='ocrx_word' id='word_1_367' title='bbox 1135 2307 1240 2344; x_wconf 88' lang='lat' dir='ltr'><strong>audit</strong></span> <span class='ocrx_word' id='word_1_368' title='bbox 1261 2310 1344 2354; x_wconf 80' lang='lat' dir='ltr'><strong>pais</strong></span> <span class='ocrx_word' id='word_1_369' title='bbox 1371 2305 1415 2342; x_wconf 91' lang='lat' dir='ltr'><strong>de</strong></span> <span class='ocrx_word' id='word_1_370' title='bbox 1443 2305 1574 2349; x_wconf 85' lang='lat' dir='ltr'><strong>Gales,</strong></span> <span class='ocrx_word' id='word_1_371' title='bbox 1595 2303 1695 2339; x_wconf 88' lang='lat' dir='ltr'><strong>maiz</strong></span> 
     </span>
     <span class='ocr_line' id='line_1_34' title="bbox 291 2362 1696 2414; baseline -0.006 -8"><span class='ocrx_word' id='word_1_372' title='bbox 291 2387 306 2406; x_wconf 89' lang='lat'>«</span> <span class='ocrx_word' id='word_1_373' title='bbox 330 2373 383 2408; x_wconf 91' lang='lat' dir='ltr'><strong>lui</strong></span> <span class='ocrx_word' id='word_1_374' title='bbox 406 2371 564 2409; x_wconf 85' lang='lat' dir='ltr'><strong>convint</strong></span> <span class='ocrx_word' id='word_1_375' title='bbox 585 2374 686 2406; x_wconf 85' lang='lat' dir='ltr'><strong>estre</strong></span> <span class='ocrx_word' id='word_1_376' title='bbox 708 2374 744 2405; x_wconf 88' lang='lat' dir='ltr'><strong>et</strong></span> <span class='ocrx_word' id='word_1_377' title='bbox 766 2367 965 2414; x_wconf 87' lang='lat' dir='ltr'><strong>sejourner</strong></span> <span class='ocrx_word' id='word_1_378' title='bbox 985 2378 1051 2402; x_wconf 89' lang='lat' dir='ltr'><strong>sur</strong></span> <span class='ocrx_word' id='word_1_379' title='bbox 1071 2367 1108 2402; x_wconf 88' lang='lat' dir='ltr'><strong>la</strong></span> <span class='ocrx_word' id='word_1_380' title='bbox 1130 2377 1211 2401; x_wconf 85' lang='lat' dir='ltr'><strong>mer</strong></span> <span class='ocrx_word' id='word_1_381' title='bbox 1226 2370 1264 2402; x_wconf 88' lang='lat' dir='ltr'><strong>et</strong></span> <span class='ocrx_word' id='word_1_382' title='bbox 1283 2375 1333 2400; x_wconf 88' lang='lat' dir='ltr'><strong>en</strong></span> <span class='ocrx_word' id='word_1_383' title='bbox 1354 2364 1390 2399; x_wconf 86' lang='lat' dir='ltr'><strong>la</strong></span> <span class='ocrx_word' id='word_1_384' title='bbox 1410 2368 1515 2400; x_wconf 87' lang='lat' dir='ltr'><strong>coste</strong></span> <span class='ocrx_word' id='word_1_385' title='bbox 1535 2363 1580 2399; x_wconf 93' lang='lat' dir='ltr'><strong>de</strong></span> <span class='ocrx_word' id='word_1_386' title='bbox 1600 2362 1696 2398; x_wconf 92' lang='lat' dir='ltr'><strong>Bre-</strong></span> 
     </span>
     <span class='ocr_line' id='line_1_35' title="bbox 292 2423 1696 2478; baseline -0.007 -12"><span class='ocrx_word' id='word_1_387' title='bbox 292 2446 306 2466; x_wconf 79' lang='lat'>«</span> <span class='ocrx_word' id='word_1_388' title='bbox 330 2432 475 2478; x_wconf 85' lang='lat' dir='ltr'><strong>taigne,</strong></span> <span class='ocrx_word' id='word_1_389' title='bbox 497 2431 551 2466; x_wconf 89' lang='lat' dir='ltr'><strong>lui</strong></span> <span class='ocrx_word' id='word_1_390' title='bbox 578 2435 615 2466; x_wconf 86' lang='lat' dir='ltr'><strong>et</strong></span> <span class='ocrx_word' id='word_1_391' title='bbox 641 2428 819 2464; x_wconf 86' lang='lat' dir='ltr'><strong>lesdictes</strong></span> <span class='ocrx_word' id='word_1_392' title='bbox 846 2437 941 2473; x_wconf 87' lang='lat' dir='ltr'><strong>gens</strong></span> <span class='ocrx_word' id='word_1_393' title='bbox 968 2425 1130 2461; x_wconf 79' lang='lat' dir='ltr'><strong>d&#39;armes</strong></span> <span class='ocrx_word' id='word_1_394' title='bbox 1159 2430 1196 2461; x_wconf 89' lang='lat' dir='ltr'><strong>et</strong></span> <span class='ocrx_word' id='word_1_395' title='bbox 1222 2423 1502 2466; x_wconf 65' lang='lat' dir='ltr'><strong>arhalesfflers,</strong></span> <span class='ocrx_word' id='word_1_396' title='bbox 1525 2433 1594 2469; x_wconf 88' lang='lat' dir='ltr'><strong>par</strong></span> <span class='ocrx_word' id='word_1_397' title='bbox 1613 2426 1696 2457; x_wconf 87' lang='lat' dir='ltr'><strong>tout</strong></span> 
     </span>
     <span class='ocr_line' id='line_1_36' title="bbox 292 2480 1696 2536; baseline -0.007 -12"><span class='ocrx_word' id='word_1_398' title='bbox 292 2504 306 2524; x_wconf 77' lang='grc' dir='ltr'><strong>(ι</strong></span> <span class='ocrx_word' id='word_1_399' title='bbox 331 2491 365 2526; x_wconf 92' lang='lat' dir='ltr'><strong>le</strong></span> <span class='ocrx_word' id='word_1_400' title='bbox 388 2495 510 2536; x_wconf 85' lang='lat' dir='ltr'><strong>temps</strong></span> <span class='ocrx_word' id='word_1_401' title='bbox 537 2488 681 2525; x_wconf 83' lang='lat' dir='ltr'><strong>dedens</strong></span> <span class='ocrx_word' id='word_1_402' title='bbox 708 2486 833 2533; x_wconf 86' lang='lat' dir='ltr'><strong>lequel</strong></span> <span class='ocrx_word' id='word_1_403' title='bbox 859 2485 887 2520; x_wconf 87' lang='lat' dir='ltr'><strong>il</strong></span> <span class='ocrx_word' id='word_1_404' title='bbox 912 2484 1039 2521; x_wconf 83' lang='lat' dir='ltr'><strong>devoit</strong></span> <span class='ocrx_word' id='word_1_405' title='bbox 1067 2484 1160 2519; x_wconf 85' lang='lat' dir='ltr'><strong>faire</strong></span> <span class='ocrx_word' id='word_1_406' title='bbox 1187 2482 1303 2519; x_wconf 87' lang='lat' dir='ltr'><strong>icelui</strong></span> <span class='ocrx_word' id='word_1_407' title='bbox 1324 2482 1471 2529; x_wconf 84' lang='lat' dir='ltr'><strong>voiage,</strong></span> <span class='ocrx_word' id='word_1_408' title='bbox 1494 2485 1531 2516; x_wconf 89' lang='lat' dir='ltr'><strong>et</strong></span> <span class='ocrx_word' id='word_1_409' title='bbox 1553 2480 1584 2515; x_wconf 86' lang='lat' dir='ltr'><strong>si</strong></span> <span class='ocrx_word' id='word_1_410' title='bbox 1611 2480 1696 2515; x_wconf 91' lang='lat' dir='ltr'><strong>lon-</strong></span> 
     </span>
     <span class='ocr_line' id='line_1_37' title="bbox 292 2537 1697 2596; baseline -0.006 -14"><span class='ocrx_word' id='word_1_411' title='bbox 292 2563 308 2582; x_wconf 88' lang='lat'>«</span> <span class='ocrx_word' id='word_1_412' title='bbox 332 2553 514 2596; x_wconf 85' lang='lat' dir='ltr'><strong>guernent</strong></span> <span class='ocrx_word' id='word_1_413' title='bbox 542 2560 563 2594; x_wconf 89' lang='lat' dir='ltr'>y</span> <span class='ocrx_word' id='word_1_414' title='bbox 591 2547 795 2582; x_wconf 91' lang='lat' dir='ltr'><strong>demourer</strong></span> <span class='ocrx_word' id='word_1_415' title='bbox 820 2555 869 2580; x_wconf 87' lang='lat' dir='ltr'><strong>en</strong></span> <span class='ocrx_word' id='word_1_416' title='bbox 899 2543 1101 2579; x_wconf 86' lang='lat' dir='ltr'><strong>attendant</strong></span> <span class='ocrx_word' id='word_1_417' title='bbox 1126 2549 1253 2589; x_wconf 86' lang='lat' dir='ltr'><strong>temps</strong></span> <span class='ocrx_word' id='word_1_418' title='bbox 1281 2553 1377 2588; x_wconf 90' lang='lat' dir='ltr'><strong>pour</strong></span> <span class='ocrx_word' id='word_1_419' title='bbox 1403 2552 1445 2578; x_wconf 93' lang='lat' dir='ltr'><strong>ce</strong></span> <span class='ocrx_word' id='word_1_420' title='bbox 1475 2540 1583 2586; x_wconf 88' lang='lat' dir='ltr'><strong>faire,</strong></span> <span class='ocrx_word' id='word_1_421' title='bbox 1605 2537 1697 2586; x_wconf 87' lang='lat' dir='ltr'><strong>qu’il</strong></span> 
     </span>
     <span class='ocr_line' id='line_1_38' title="bbox 292 2598 1695 2654; baseline -0.006 -13"><span class='ocrx_word' id='word_1_422' title='bbox 292 2620 307 2641; x_wconf 69' lang='grc' dir='ltr'>α</span> <span class='ocrx_word' id='word_1_423' title='bbox 331 2607 514 2654; x_wconf 78' lang='lat' dir='ltr'><strong>despendi</strong></span> <span class='ocrx_word' id='word_1_424' title='bbox 543 2611 648 2642; x_wconf 88' lang='lat' dir='ltr'><strong>toute</strong></span> <span class='ocrx_word' id='word_1_425' title='bbox 675 2604 815 2640; x_wconf 83' lang='lat' dir='ltr'><strong>ladicte</strong></span> <span class='ocrx_word' id='word_1_426' title='bbox 843 2613 989 2639; x_wconf 88' lang='lat' dir='ltr'><strong>somme</strong></span> <span class='ocrx_word' id='word_1_427' title='bbox 1017 2602 1109 2649; x_wconf 85' lang='lat' dir='ltr'><strong>qu&#39;il</strong></span> <span class='ocrx_word' id='word_1_428' title='bbox 1137 2601 1240 2638; x_wconf 86' lang='lat' dir='ltr'><strong>avoit</strong></span> <span class='ocrx_word' id='word_1_429' title='bbox 1258 2612 1356 2648; x_wconf 92' lang='lat' dir='ltr'><strong>pour</strong></span> <span class='ocrx_word' id='word_1_430' title='bbox 1376 2611 1418 2636; x_wconf 89' lang='lat' dir='ltr'><strong>ce</strong></span> <span class='ocrx_word' id='word_1_431' title='bbox 1446 2598 1545 2635; x_wconf 88' lang='lat' dir='ltr'><strong>ainsi</strong></span> <span class='ocrx_word' id='word_1_432' title='bbox 1565 2608 1636 2634; x_wconf 89' lang='lat' dir='ltr'><strong>eue</strong></span> <span class='ocrx_word' id='word_1_433' title='bbox 1657 2601 1695 2634; x_wconf 86' lang='lat' dir='ltr'><strong>et</strong></span> 
     </span>
     <span class='ocr_line' id='line_1_39' title="bbox 294 2656 1693 2709; baseline -0.004 -11"><span class='ocrx_word' id='word_1_434' title='bbox 294 2679 309 2699; x_wconf 88' lang='lat'>«</span> <span class='ocrx_word' id='word_1_435' title='bbox 333 2676 470 2701; x_wconf 88' lang='lat' dir='ltr'><strong>receue</strong></span> <span class='ocrx_word' id='word_1_436' title='bbox 497 2664 542 2700; x_wconf 85' lang='lat' dir='ltr'><strong>de</strong></span> <span class='ocrx_word' id='word_1_437' title='bbox 569 2674 666 2700; x_wconf 88' lang='lat' dir='ltr'><strong>nous</strong></span> <span class='ocrx_word' id='word_1_438' title='bbox 694 2668 731 2699; x_wconf 87' lang='lat' dir='ltr'><strong>et</strong></span> <span class='ocrx_word' id='word_1_439' title='bbox 760 2662 845 2709; x_wconf 90' lang='lat' dir='ltr'><strong>plus</strong></span> <span class='ocrx_word' id='word_1_440' title='bbox 873 2671 1049 2706; x_wconf 88' lang='lat' dir='ltr'><strong>encores,</strong></span> <span class='ocrx_word' id='word_1_441' title='bbox 1073 2660 1106 2695; x_wconf 88' lang='lat' dir='ltr'><strong>si</strong></span> <span class='ocrx_word' id='word_1_442' title='bbox 1133 2671 1283 2696; x_wconf 89' lang='lat' dir='ltr'><strong>comme</strong></span> <span class='ocrx_word' id='word_1_443' title='bbox 1304 2659 1331 2694; x_wconf 91' lang='lat' dir='ltr'><strong>il</strong></span> <span class='ocrx_word' id='word_1_444' title='bbox 1351 2669 1448 2694; x_wconf 89' lang='lat' dir='ltr'><strong>nous</strong></span> <span class='ocrx_word' id='word_1_445' title='bbox 1471 2668 1492 2693; x_wconf 88' lang='lat' dir='ltr'><strong>a</strong></span> <span class='ocrx_word' id='word_1_446' title='bbox 1512 2656 1693 2702; x_wconf 78' lang='lat' dir='ltr'><strong>afferme3</strong></span> 
     </span>
     <span class='ocr_line' id='line_1_40' title="bbox 294 2714 1695 2768; baseline -0.006 -10"><span class='ocrx_word' id='word_1_447' title='bbox 294 2737 309 2758; x_wconf 89' lang='lat'>«</span> <span class='ocrx_word' id='word_1_448' title='bbox 332 2722 581 2768; x_wconf 82' lang='lat' dir='ltr'><strong>toutesvoieS‚</strong></span> <span class='ocrx_word' id='word_1_449' title='bbox 609 2733 706 2768; x_wconf 89' lang='lat' dir='ltr'><strong>pour</strong></span> <span class='ocrx_word' id='word_1_450' title='bbox 734 2726 771 2757; x_wconf 90' lang='lat' dir='ltr'><strong>et</strong></span> <span class='ocrx_word' id='word_1_451' title='bbox 800 2720 878 2757; x_wconf 86' lang='lat' dir='ltr'><strong>afin</strong></span> <span class='ocrx_word' id='word_1_452' title='bbox 906 2730 980 2767; x_wconf 85' lang='lat' dir='ltr'><strong>que</strong></span> <span class='ocrx_word' id='word_1_453' title='bbox 1010 2730 1059 2755; x_wconf 92' lang='lat' dir='ltr'><strong>ou</strong></span> <span class='ocrx_word' id='word_1_454' title='bbox 1086 2724 1210 2765; x_wconf 90' lang='lat' dir='ltr'><strong>temps</strong></span> <span class='ocrx_word' id='word_1_455' title='bbox 1240 2716 1376 2754; x_wconf 88' lang='lat' dir='ltr'><strong>avenir</strong></span> <span class='ocrx_word' id='word_1_456' title='bbox 1407 2727 1457 2753; x_wconf 91' lang='lat' dir='ltr'><strong>on</strong></span> <span class='ocrx_word' id='word_1_457' title='bbox 1483 2726 1532 2752; x_wconf 88' lang='lat' dir='ltr'><strong>ne</strong></span> <span class='ocrx_word' id='word_1_458' title='bbox 1563 2714 1618 2751; x_wconf 88' lang='lat' dir='ltr'><strong>lui</strong></span> <span class='ocrx_word' id='word_1_459' title='bbox 1647 2724 1695 2751; x_wconf 92' lang='lat' dir='ltr'><strong>en</strong></span> 
     </span>
    </p>
   </div>
  </div>
 </body>
</html>
