1941 3294
292 219 359 256 242
564 220 933 254 CHRONOGRAPHIA
957 219 1109 251 REGUM
1134 219 1414 253 FRANGORUM.
1586 216 1690 263 [1404

293 297 535 347 nitiones1.
585 297 790 362 Anglicis
838 312 952 342 vero
999 295 1078 358 qui
1122 295 1247 343 intus
1296 299 1451 353 erant,
1496 296 1692 360 vectigal

291 375 532 430 annuale2‚
573 374 635 420 illi
671 374 729 421 de
765 372 914 435 patria
950 373 996 417 in
1032 371 1245 429 circuitu,
1281 377 1332 418 ut
1367 371 1571 417 sinerent
1611 388 1692 419 eos

291 468 440 507 arare,
484 449 730 505 seminare,
773 454 948 495 metere
988 452 1034 493 et
1072 447 1377 503 vindemiare,
1419 446 1688 504 solvebant3

291 528 462 590 quibus
488 532 596 590 post
616 527 800 590 longam
818 522 1111 571 obsidionem
1130 524 1277 570 soluta
1305 539 1473 586 magna
1490 523 1693 571 floreno-

290 620 393 651 rum
421 619 602 650 somma
621 620 646 648 a
674 600 854 664 prefato
880 599 1268 656 conestabulario‚
1298 615 1440 662 quam
1465 605 1510 645 et
1529 616 1556 645 a
1581 598 1693 646 bur-

289 680 511 744 gensibus
542 685 588 725 et
620 675 871 740 plebeianis
899 674 1020 721 illius
1052 675 1200 738 patrie
1231 675 1439 739 largiflue
1475 674 1689 732 extorsit,

287 757 459 803 hiidem
492 755 800 802 reddiderunt
827 752 868 798 ei
895 757 1101 798 castrum
1135 758 1181 798 et
1205 753 1544 798 recesserunt3.
1578 753 1693 799 Cum

287 838 443 879 autem
483 828 878 878 conestabularius
911 827 1167 890 recepisset
1205 827 1316 875 illud
1355 833 1400 874 et
1437 828 1484 874 in
1525 827 1693 875 eodem

284 908 599 973 garnisionem
643 922 776 953 suam
822 905 1080 969 posuisset,
1129 921 1292 951 omnes
1333 904 1444 951 alias
1486 905 1692 968 prefatas

286 984 566 1031 munitiones
592 982 800 1030 funditus
820 981 987 1029 evertit
1008 986 1055 1028 et
1074 980 1141 1027 sic
1166 980 1367 1028 Parisius
1392 981 1654 1043 repedavit.

351 1060 655 1108 Postmodum
699 1059 773 1106 die
817 1057 971 1106 Sancti
1012 1057 1192 1104 Martini
1235 1056 1443 1103 hiemalis
1482 1056 1693 1120 ejusdem

285 1136 409 1193 anni,
442 1135 661 1187 Jacobus,
702 1150 860 1182 comes
893 1132 1110 1186 Marchie‚
1146 1132 1193 1178 in
1226 1131 1491 1194 sumptibus
1529 1131 1689 1195 regiis,

285 1228 393 1260 cum
420 1211 605 1259 duobus
625 1210 850 1257 fratribus
871 1209 966 1256 suis
989 1225 1042 1255 ac
1067 1208 1192 1255 mille
1218 1208 1430 1254 ducentis
1456 1213 1552 1254 tam
1575 1206 1695 1254 mili-

285 1289 412 1336 tibus
437 1304 578 1351 quam
607 1287 855 1342 scutiferis,
891 1285 1017 1349 apud
1048 1290 1241 1348 portum
1272 1284 1450 1331 dictum
1480 1287 1615 1331 Brest
1646 1283 1693 1330 in

285 1365 520 1412 Britannia
563 1363 732 1427 aptatis
776 1363 970 1410 vaxellis
1016 1361 1207 1408 marinis
1251 1367 1297 1408 et
1346 1361 1460 1424 ipsis
1502 1360 1694 1408 munitis

283 1440 560 1488 victualibus
595 1446 641 1488 et
675 1439 836 1496 armis,
868 1446 920 1486 ut
951 1438 1275 1485 transfretaret
1309 1437 1355 1484 in
1382 1436 1595 1486 Walliam
1630 1436 1690 1483 ad

286 1518 603 1566 auxiliandum
636 1516 929 1566 Walensibus
959 1521 1121 1562 contra
1152 1530 1315 1578 regem
1350 1513 1529 1577 Anglie,
1564 1529 1693 1560 mare

286 1594 505 1642 intravit4
542 1599 589 1641 et
629 1593 744 1640 velis
782 1592 1029 1655 expansis,
1066 1607 1173 1638 cum
1211 1590 1270 1638 ad
1312 1596 1500 1654 portum
1534 1592 1696 1637 Derte-

284 1756 420 1803 Denys
442 1758 481 1801 (t.
505 1754 576 1800 III,
598 1765 634 1801 p.
657 1753 738 1800 202)
761 1753 960 1799 Gorbefin,
984 1752 1076 1789 c'est
1103 1757 1203 1789 cette
1230 1751 1350 1787 forme
1376 1750 1441 1798 qui
1471 1755 1530 1787 est
1559 1756 1694 1787 exacte

286 1817 467 1862 (Archives
493 1815 736 1859 municipales
756 1814 798 1848 de
818 1814 1021 1855 Bordeauae,
1048 1813 1222 1857 Reqistres
1242 1813 1284 1847 dc
1305 1814 1341 1847 la
1359 1811 1511 1853 Jurade,
1537 1821 1572 1857 p.
1597 1810 1692 1853 113).

335 1876 366 1910 1.
390 1873 516 1920 Apres
536 1874 571 1909 la
591 1873 691 1919 prise
712 1872 757 1908 de
777 1877 874 1908 cette
891 1872 1108 1918 forteresse,
1125 1870 1242 1907 treize
1257 1870 1385 1917 places
1401 1869 1696 1906 succomherent

288 1934 508 1980 (Chroniquc
528 1933 578 1967 da
598 1933 785 1977 Reliqieuoe
804 1933 846 1966 de
866 1931 1127 1975 Saint-Denys,
1152 1934 1180 1965 t.
1202 1929 1274 1974 III,
1295 1940 1331 1975 p.
1354 1928 1450 1973 206).

330 1992 365 2028 2.
389 1991 447 2027 De
477 1991 608 2034 50,000
638 1991 730 2027 ecus
755 1989 849 2037 d'or,
873 1989 1023 2036 d'apres
1050 1989 1085 2025 le
1111 1987 1317 2034 Religieux
1345 1987 1390 2023 de
1422 1985 1693 2033 Saint-Denys

286 2052 326 2098 (t.
349 2050 421 2096 III,
443 2061 479 2097 p.
502 2049 598 2095 202).

334 2109 367 2145 3.
390 2108 516 2154 Apres
537 2118 591 2142 un
610 2106 744 2143 blocus
764 2106 810 2143 de
829 2106 948 2142 douze
979 2105 1186 2151 semaines,
1204 2105 1260 2141 les
1281 2104 1452 2151 assieges
1473 2103 1588 2140 firent
1606 2113 1695 2151 pro-

286 2178 399 2214 poser
418 2178 467 2203 au
497 2165 727 2203 connetable
754 2165 799 2201 de
825 2165 881 2201 les
910 2164 1047 2200 laisser
1073 2163 1194 2211 partir
1213 2174 1307 2199 avec
1333 2163 1436 2199 leurs
1456 2163 1568 2199 hiens
1589 2167 1627 2198 et
1647 2161 1694 2198 de

287 2226 340 2262 lui
369 2226 513 2263 vendre
552 2226 589 2262 la
624 2225 733 2272 place
773 2229 1015 2271 moyennant
1049 2223 1178 2269 14,000
1218 2224 1310 2259 ecus
1341 2222 1436 2269 d’or,
1470 2233 1512 2259 ce
1541 2221 1607 2269 qui
1638 2221 1694 2258 fut

287 2286 445 2332 accepte
467 2286 586 2331 (Ibid.,
610 2295 645 2331 p.
667 2283 763 2327 204).

334 2345 368 2381 4.
392 2345 492 2381 Vers
517 2344 551 2379 le
575 2343 708 2380 milieu
737 2342 787 2378 du
813 2341 911 2378 mois
932 2341 1072 2386 d’aout,
1096 2341 1192 2377 ecrit
1212 2340 1247 2377 le
1268 2340 1474 2388 Religieux
1494 2340 1540 2376 de
1562 2340 1693 2377 Saint-

287 2404 420 2451 Denys
443 2405 481 2450 (t.
505 2403 576 2450 ΙΙΙ,
597 2415 634 2450 p.
659 2402 754 2449 168),
775 2401 840 2449 qui
861 2400 999 2437 estime
1020 2400 1042 2436 a
1063 2401 1131 2437 800
1152 2401 1187 2436 le
1209 2400 1368 2437 nombre
1387 2400 1453 2436 des
1479 2399 1694 2436 chevaliers

288 2462 465 2511 franceis.
489 2462 716 2498 Monstrelet
740 2471 852 2507 passe
881 2470 969 2495 sous
997 2459 1143 2496 silence
1169 2464 1267 2496 cette
1294 2458 1526 2506 expedition.
1548 2458 1580 2494 Ι1
1601 2468 1694 2494 con-

286 2521 376 2557 fond
398 2520 591 2557 d’ailleurs
618 2520 718 2556 deux
743 2530 792 2555 ou
818 2518 913 2555 trois
944 2517 1185 2564 expeditions
1209 2518 1302 2554 dont
1329 2517 1355 2552 il
1379 2528 1427 2553 ne
1447 2516 1515 2552 fait
1535 2515 1690 2563 qu'une.

288 2579 416 2624 Quant
442 2581 464 2615 a
490 2579 527 2615 la
555 2580 762 2624 Chronique
796 2578 1000 2614 normande
1025 2579 1066 2613 dc
1092 2579 1216 2613 Pierre
1245 2577 1386 2614 Cochon
1414 2577 1461 2623 (p.
1491 2575 1589 2620 209),
1619 2574 1692 2611 elle

288 2638 361 2675 fixe
383 2638 404 2674 εὶ
424 2638 460 2674 la
481 2637 714 2675 Saint-Jean
735 2636 826 2674 1404
847 2637 882 2673 le
909 2641 1244 2674 commencement
1264 2635 1329 2672 des
1349 2633 1588 2682 preparatifs,
1614 2646 1629 2668 α
1654 2637 1692 2669 et
