1941 3294
160 256 264 303 1397]
434 259 804 293 CHRONOGRAPHIA
830 259 983 293 REGUM
1007 258 1286 291 FRANCORUM.
1492 255 1559 292 143

222 338 399 385 Eodem
442 354 564 385 anno
605 338 749 386 multe
787 337 1038 386 seditiones
1081 342 1128 383 et
1166 336 1561 384 murmurationes

156 420 259 462 orte
296 420 405 463 sunt
439 415 486 462 in
521 415 684 479 Anglia
728 421 927 479 propter
971 413 1398 462 confederationem
1436 413 1562 476 regis

157 491 375 540 Richardi
411 509 518 540 cum
555 508 667 556 rege
708 492 939 548 Francie¹‚
974 490 1034 539 de
1070 507 1162 553 qua
1198 490 1319 537 male
1356 488 1561 537 contenti

157 575 290 616 erant
313 568 474 632 plures
501 567 696 632 Anglici‚
732 574 779 615 et
807 567 916 630 quia
940 566 1125 615 duobus
1150 566 1317 614 castris
1342 571 1390 613 et
1414 565 1563 629 porti-

156 645 244 692 bus
258 645 466 701 marinis,
485 644 658 691 scilicet
671 648 806 692 Brest
822 645 869 691 in
886 643 1122 691 Britannia
1135 649 1182 691 et
1198 643 1562 706 Cesarisburgo²

155 719 203 765 in
234 720 538 775 Normannia,
575 720 730 783 primo
766 737 852 783 per
886 721 1145 769 Johannem
1177 718 1236 767 de
1274 718 1559 775 Monteforti,

155 795 323 844 ducem
348 795 584 844 Britannie
607 802 654 843 et
680 796 886 844 secundo
910 813 997 859 per
1021 796 1262 852 Karolum,
1291 812 1451 860 regem
1475 799 1564 843 Na-

155 889 293 920 varre
328 873 600 920 defunctum
632 873 732 937 regi
765 873 1059 930 Edowardo,
1101 872 1424 936 predecessori
1456 889 1559 929 suc,

155 949 268 996 dum
290 950 459 1014 agebat
476 949 523 996 in
543 949 774 1006 humanis,
805 966 890 1014 pro
911 949 1093 1014 magnis
1112 950 1416 1013 pecuniarum
1437 965 1565 997 surn—

156 1025 245 1072 mis
270 1025 533 1081 invadiatis‚
560 1025 731 1088 quibus
752 1025 841 1073 sibi
867 1025 1064 1073 redditis
1084 1031 1131 1072 et
1147 1025 1206 1072 ad
1230 1025 1419 1088 plenum
1440 1025 1565 1072 solu-

154 1102 214 1149 tis
242 1118 328 1165 per
354 1102 504 1149 dictos
538 1102 772 1149 Britannie
808 1102 976 1149 ducem
1013 1108 1059 1149 et
1088 1102 1298 1166 ejusdem
1325 1102 1451 1166 regis
1477 1105 1566 1148 Na-

155 1194 293 1225 varre
338 1178 510 1235 filium,
557 1195 718 1243 regem
768 1179 984 1226 videlicet
1031 1182 1238 1226 Navarre
1280 1178 1561 1226 modernum

155 1255 605 1318 supranominatum,
638 1255 816 1303 eisdem
844 1256 1024 1318 prefata
1050 1255 1145 1302 duo
1171 1260 1323 1302 castra
1356 1254 1564 1302 reddidit

155 1338 318 1379 contra
344 1333 631 1380 voluntatem
665 1333 817 1395 patrui
853 1335 923 1380 sui
956 1333 1147 1389 Thome‚
1183 1332 1316 1379 ducis
1351 1331 1566 1380 Claudio—

155 1409 350 1456 cestrie3
381 1416 428 1456 et
458 1409 655 1456 aliorum
699 1409 1015 1473 quorumdam
1053 1408 1308 1472 primatum
1345 1408 1563 1473 Anglico-

155 1502 280 1542 rum,
309 1502 531 1550 magnum
556 1485 767 1533 fomitem
792 1486 965 1533 invidie
992 1485 1080 1533 sibi
1100 1485 1400 1532 ministravit.

220 1563 351 1611 Unde
375 1563 612 1610 modicum
632 1569 756 1626 post,
780 1569 943 1609 contra
969 1563 1124 1626 ipsum
1149 1579 1313 1627 regem
1333 1562 1497 1627 Anglie
1517 1568 1564 1609 et

158 1639 257 1703 ejus
294 1639 582 1686 consiliarios
626 1655 679 1686 ac
722 1639 867 1686 eciam
903 1638 1045 1686 duces
1080 1639 1476 1686 Lincestrensem4
1519 1644 1566 1685 et

157 1716 545 1772 Eboracensem5,
580 1722 631 1763 ut
663 1716 855 1778 quidam
887 1716 1064 1773 dicunt,
1105 1732 1271 1780 magna
1307 1714 1565 1779 conjuratio

155 1848 265 1891 yieuoe
284 1847 326 1881 de
345 1846 601 1891 Saint-Denys‚
625 1850 653 1882 t.
675 1845 727 1891 ΙΙ,
747 1856 784 1892 p.
807 1845 902 1889 536).
922 1845 1088 1882 Suivant
1102 1845 1137 1881 le
1151 1845 1358 1892 Religieux
1375 1844 1421 1881 de
1438 1844 1564 1881 Saint-

156 1903 307 1951 Denys,
328 1904 362 1940 13
381 1904 454 1941 duc
475 1904 520 1940 de
541 1904 664 1952 Berry
686 1904 761 1940 3113
781 1904 990 1940 au-devant
1011 1904 1059 1940 du
1082 1904 1138 1941 roi
1158 1904 1205 1941 de
1219 1904 1392 1941 Navarre
1411 1917 1425 1938 α
1444 1915 1565 1952 usque

159 1977 176 1997 «
199 1962 246 1999 ad
265 1962 469 1999 introitum
494 1964 616 2010 regni.
643 1977 658 1997 »

205 2023 238 2058 1.
261 2022 385 2059 Toute
417 2023 453 2058 13
489 2022 653 2059 relation
687 2022 753 2058 des
786 2023 1039 2059 evenements
1073 2022 1219 2059 relatifs
1253 2022 1276 2058 3
1305 2023 1342 2058 13
1372 2022 1487 2059 chute
1519 2022 1565 2059 de

156 2081 329 2117 Richard
345 2081 382 2117 II
403 2087 460 2118 est
481 2082 690 2128 conforme,
719 2082 807 2118 sauf
830 2081 896 2118 des
916 2082 1127 2127 variantes,
1150 2081 1172 2117 a
1193 2080 1290 2118 celle
1311 2081 1358 2117 de
1386 2081 1423 2117 13
1452 2082 1566 2118 Chro-

158 2143 289 2185 nicque
317 2142 358 2176 de
388 2143 423 2176 la
451 2145 591 2176 traison
619 2145 651 2176 et
677 2146 773 2177 mort
804 2143 845 2177 de
877 2142 1030 2178 Richart
1061 2143 1173 2181 deum,
1206 2152 1272 2186 roy
1302 2141 1563 2185 d’Enqzeterre,

158 2199 310 2246 publice
339 2211 387 2236 en
420 2200 509 2237 1846
534 2211 602 2247 par
634 2200 684 2238 M.
708 2200 917 2248 Benjamin
940 2200 1154 2246 Williams,
1184 2210 1274 2235 sous
1303 2199 1359 2235 les
1389 2199 1566 2245 auspices

159 2258 204 2294 de
225 2258 404 2304 l’Enqlz'sh
425 2260 615 2295 historical
635 2260 792 2305 Society.
813 2281 859 2286 —
885 2259 945 2296 On
969 2269 1196 2306 comparera
1222 2258 1244 2293 ὲ,
1271 2264 1370 2295 cette
1402 2258 1566 2294 relation

159 2317 193 2352 le
217 2319 349 2363 poeme
370 2317 415 2353 de
437 2317 575 2353 Creton
597 2329 663 2353 sur
692 2319 726 2354 le
756 2320 883 2355 meme
911 2319 1025 2365 sujet‚
1056 2318 1156 2354 edite
1187 2328 1257 2364 par
1288 2317 1322 2352 13
1348 2317 1429 2353 rev.
1460 2316 1566 2352 John

158 2376 287 2413 Webb
305 2376 399 2412 dans
421 2377 457 2412 13
476 2377 679 2414 collection
693 2378 738 2414 de
754 2379 790 2414 la
808 2380 918 2424 Royal
939 2380 1080 2423 society
1100 2380 1144 2424 of
1157 2379 1392 2422 antiquaries
1408 2377 1449 2421 (t.
1469 2376 1563 2421 XX,

159 2436 261 2481 1819)
292 2442 328 2472 et
356 2436 608 2472 l'Acliterative
631 2448 733 2482 poem
759 2449 806 2473 on
834 2439 890 2473 the
918 2439 1119 2483 deposition
1145 2439 1188 2482 of
1208 2438 1304 2482 Kinq
1333 2436 1492 2471 Richard
1514 2437 1563 2479 II,

156 2492 283 2540 publie
303 2503 371 2539 par
391 2492 560 2529 Thomas
582 2492 742 2540 Wright
762 2504 812 2530 en
834 2494 924 2531 1838
944 2505 1041 2541 pour
1061 2494 1098 2530 la
1121 2493 1282 2530 eamden
1302 2493 1455 2537 society.

205 2552 239 2588 2.
264 2551 501 2599 Cherbourg.

205 2610 240 2647 3.
263 2611 504 2647 Gloucester.

205 2671 240 2707 4.
263 2670 489 2707 Lancaster.

209 2729 242 2765 5.
266 2729 387 2765 York.
