1941 3294
309 251 376 289 '206
578 255 946 288 CHRONOGRAPHIA
972 254 1125 287 REGUM
1150 254 1427 287 FRANGORUM.
1599 249 1702 298 [1403

373 334 635 383 Secundum
654 350 767 381 vero
787 334 846 381 ad
867 332 1251 380 considerandam
1270 333 1473 397 regalem
1493 332 1708 396 majesta-

307 417 403 458 tem
423 427 563 474 quam
584 411 784 458 fideliter
808 416 853 456 et
872 409 1006 473 juxta
1035 425 1170 456 suum
1196 426 1333 473 posse
1353 409 1584 456 relaturus
1609 414 1708 456 erat

308 487 600 543 Temurlano,
622 486 812 534 domino
829 501 930 532 suo.
948 484 1071 532 Dixit
1089 485 1279 532 ulterius
1296 484 1423 548 quod
1442 501 1523 531 sua
1539 484 1708 548 legatio

308 563 424 611 duas
454 563 699 611 christiane
731 561 941 626 religioni
970 560 1238 609 conferebat
1267 561 1484 608 utilitates
1518 578 1527 607 :
1558 560 1710 623 prima

308 644 359 686 ut
383 644 667 686 mercatores
693 637 936 699 utriusque
957 642 1081 684 secte
1101 643 1293 699 possent
1312 637 1457 684 libere
1477 653 1559 684 seu
1586 636 1710 699 paci-

307 716 392 763 fice
427 716 597 763 ducere
633 731 686 761 ac
719 713 942 760 reducere
977 729 1083 760 suas
1117 713 1473 769 mercimonias3
1508 712 1710 760 secunda

307 807 421 837 vero
446 797 496 837 ut
521 791 579 837 ab
605 789 771 836 eodem
794 788 894 852 regi
919 793 964 834 et
987 787 1182 836 ducibus
1208 788 1538 853 suprascriptis
1563 787 1712 835 mani-

309 866 555 914 festaretur
582 865 727 912 verbo
746 864 821 911 vel
841 863 1036 927 scripto.

372 945 436 989 De
463 942 551 989 hoc
567 941 742 1005 quippe
768 940 1042 988 Temurlano
1061 940 1187 988 idem
1207 941 1586 1004 archiepiscopus
1611 940 1710 989 Sol-

309 1018 527 1066 taniensis
547 1018 747 1065 Parisius
761 1017 972 1080 pluribus
990 1017 1201 1080 personis
1216 1017 1555 1081 particulariter
1569 1016 1712 1064 multa

310 1096 532 1152 narravit,
562 1112 652 1158 que
677 1095 823 1143 eciam
850 1094 1131 1157 quibusdam
1161 1094 1419 1142 litteraliter
1442 1094 1488 1140 in
1520 1093 1713 1141 modum

310 1172 447 1219 libelli
481 1172 528 1219 in
566 1172 728 1236 gallico
761 1171 925 1234 scripti
958 1170 1166 1227 tradidit,
1205 1171 1334 1234 cujus
1366 1170 1623 1233 exemplar,
1655 1170 1714 1217 de

311 1248 455 1296 verbo
470 1249 529 1297 ad
544 1249 741 1296 verbum
755 1248 800 1295 in
815 1248 957 1295 latino
969 1248 1262 1305 translatum,
1277 1247 1384 1295 talia
1395 1246 1683 1295 continebat1
1701 1263 1710 1292 :

315 1479 380 1527 De
398 1481 587 1542 origine,
610 1481 721 1536 vita,
741 1479 896 1541 furtis,
923 1479 1192 1534 latrociniiS,
1216 1477 1500 1534 crudelitate,
1520 1477 1716 1540 flaqieiis

548 1563 591 1603 et
615 1555 810 1603 moribus
831 1556 955 1602 bonis
980 1562 1023 1602 et
1041 1555 1176 1602 malis
1207 1554 1483 1601 Temurlam'.

380 1707 529 1751 Homo
567 1703 652 1750 iste
691 1702 1011 1759 Temurlanus,
1049 1702 1234 1748 natione
1268 1704 1505 1756 TartarUS,
1545 1717 1717 1765 genere

314 1780 517 1836 humilis,
542 1779 652 1827 dum
680 1784 804 1827 esset
823 1779 1025 1842 juvenis,
1052 1777 1150 1825 aliis
1177 1784 1357 1841 septem
1378 1777 1627 1841 juvenibus
1647 1777 1718 1825 sui

316 1862 465 1904 astuta
483 1856 820 1904 machinatione
836 1856 922 1903 sibi
938 1854 1128 1911 allectis,
1147 1854 1271 1917 cepit
1290 1854 1427 1901 ditari
1442 1854 1713 1910 bestiarum,

317 1933 602 1995 aliarumque
639 1949 798 1980 rerum
839 1932 974 1980 furtis
1014 1938 1060 1978 et
1103 1931 1376 1988 latrociniis3
1415 1930 1584 1994 quibus
1625 1947 1717 1978 non

317 2008 614 2055 mediocriter
644 2008 950 2063 confortatus,
980 2007 1190 2054 homines
1215 2006 1274 2054 ad
1309 2023 1358 2054 se
1393 2006 1639 2070 pestiferos
1673 2012 1718 2053 et

316 2085 497 2131 viarum
533 2084 840 2141 insidiatores,
882 2084 1100 2148 fugitivos
1140 2099 1328 2146 quoque
1374 2089 1420 2129 et
1460 2082 1719 2130 homicidas

318 2176 464 2223 usque
484 2160 541 2207 ad
561 2175 623 2208 XL
649 2159 737 2207 sibi
761 2160 1016 2224 agregavit,
1040 2176 1158 2223 quos
1183 2159 1329 2207 eciam
1349 2159 1407 2206 ad
1428 2158 1564 2206 devia
1583 2157 1719 2206 silva-

317 2252 440 2292 rum,
461 2236 519 2283 ad
546 2236 782 2283 cacumina
803 2236 1056 2293 moncium,
1078 2235 1135 2283 ad
1156 2235 1370 2298 proxima
1387 2234 1732 2282 fortaliciarum'

318 2313 416 2360 loca
443 2313 804 2376 circumquaque
830 2313 1042 2360 mittebat
1066 2312 1273 2359 insidiari
1310 2311 1481 2359 scilicet
1506 2310 1719 2376 negocia-

368 2477 400 2511 1.
419 2475 454 2511 A
474 2476 510 2512 la
536 2475 634 2512 suite
654 2475 767 2512 d'une
794 2475 922 2512 notice
945 2476 992 2511 ou
1009 2474 1046 2522 je
1074 2474 1220 2521 signale
1243 2474 1280 2510 la
1299 2474 1433 2511 valeur
1452 2474 1497 2510 de
1519 2485 1562 2511 ce
1582 2473 1719 2510 temoi-

321 2546 463 2581 gnage,
495 2534 561 2581 j'ai
590 2534 718 2581 publie
752 2534 788 2570 la
820 2534 975 2570 version
1009 2534 1198 2582 francaise
1236 2533 1281 2570 de
1318 2533 1527 2580 l'opuscule
1559 2532 1655 2568 dans
1684 2532 1720 2568 la

319 2595 563 2638 Bz'blz'otheque
584 2595 624 2629 de
645 2586 773 2629 l’Ecole
794 2595 851 2629 des
873 2594 1014 2629 chartas
1036 2599 1072 2637 (t.
1097 2593 1178 2638 LV,
1196 2593 1321 2629 annee
1345 2593 1448 2639 1894,
1470 2604 1505 2639 p.
1528 2591 1608 2638 433)
1625 2602 1719 2628 avec

323 2662 396 2686 une
425 2652 651 2687 annotation
676 2662 782 2687 assez
805 2651 1005 2698 copieuse3
1028 2651 1054 2686 il
1074 2657 1132 2687 est
1152 2651 1291 2687 inutile
1312 2650 1357 2688 de
1380 2650 1417 2686 la
1438 2650 1587 2697 repe'ter
1606 2649 1670 2695 ici,
1692 2649 1718 2685 il

325 2711 455 2747 sullira
474 2711 518 2748 de
540 2711 595 2758 s’y
617 2716 799 2758 reporter.
