<?xml version="1.0" encoding="UTF-8"?>
<!DOCTYPE html PUBLIC "-//W3C//DTD XHTML 1.0 Transitional//EN"
    "http://www.w3.org/TR/xhtml1/DTD/xhtml1-transitional.dtd">
<html xmlns="http://www.w3.org/1999/xhtml" xml:lang="en" lang="en">
 <head>
  <title>
</title>
<meta http-equiv="Content-Type" content="text/html;charset=utf-8" />
  <meta name='ocr-system' content='tesseract 3.04.00' />
  <meta name='ocr-capabilities' content='ocr_page ocr_carea ocr_par ocr_line ocrx_word'/>
</head>
<body>
  <div class='ocr_page' id='page_1' title='image "./chronographiareg03mora_0186.png"; bbox 0 0 1941 3294; ppageno 0'>
   <div class='ocr_carea' id='block_1_1' title="bbox 350 325 1742 374">
    <p class='ocr_par' dir='ltr' id='par_1_1' title="bbox 350 325 1742 374">
     <span class='ocr_line' id='line_1_1' title="bbox 350 325 1742 374; baseline 0.002 -13"><span class='ocrx_word' id='word_1_1' title='bbox 350 325 414 362; x_wconf 82' lang='lat'>124</span> <span class='ocrx_word' id='word_1_2' title='bbox 623 329 993 363; x_wconf 83' lang='lat' dir='ltr'>GHRONOGRAPHIA</span> <span class='ocrx_word' id='word_1_3' title='bbox 1017 330 1170 362; x_wconf 86' lang='lat' dir='ltr'><strong>REGUM</strong></span> <span class='ocrx_word' id='word_1_4' title='bbox 1194 330 1471 362; x_wconf 81' lang='lat' dir='ltr'>FRANGORUM.</span> <span class='ocrx_word' id='word_1_5' title='bbox 1637 328 1742 374; x_wconf 86' lang='grc'>[1395</span> 
     </span>
    </p>
   </div>
   <div class='ocr_carea' id='block_1_2' title="bbox 332 407 1743 2144">
    <p class='ocr_par' dir='ltr' id='par_1_2' title="bbox 345 407 1743 911">
     <span class='ocr_line' id='line_1_2' title="bbox 350 407 1739 472; baseline 0.002 -18"><span class='ocrx_word' id='word_1_6' title='bbox 350 427 370 453; x_wconf 69' lang='grc' dir='ltr'>α</span> <span class='ocrx_word' id='word_1_7' title='bbox 401 425 519 465; x_wconf 92' lang='lat' dir='ltr'>ram,</span> <span class='ocrx_word' id='word_1_8' title='bbox 559 409 596 455; x_wconf 91' lang='lat' dir='ltr'>si</span> <span class='ocrx_word' id='word_1_9' title='bbox 632 408 766 456; x_wconf 93' lang='lat' dir='ltr'>ullius</span> <span class='ocrx_word' id='word_1_10' title='bbox 806 407 1027 455; x_wconf 85' lang='lat' dir='ltr'>momenti</span> <span class='ocrx_word' id='word_1_11' title='bbox 1062 414 1148 464; x_wconf 91' lang='lat' dir='ltr'>est,</span> <span class='ocrx_word' id='word_1_12' title='bbox 1192 408 1238 455; x_wconf 92' lang='lat' dir='ltr'>in</span> <span class='ocrx_word' id='word_1_13' title='bbox 1272 414 1429 455; x_wconf 86' lang='lat' dir='ltr'>vestro</span> <span class='ocrx_word' id='word_1_14' title='bbox 1471 417 1739 472; x_wconf 89' lang='lat' dir='ltr'>conspectu,</span> 
     </span>
     <span class='ocr_line' id='line_1_3' title="bbox 347 484 1741 549; baseline 0.002 -20"><span class='ocrx_word' id='word_1_15' title='bbox 347 503 367 529; x_wconf 69' lang='grc' dir='ltr'>ι(</span> <span class='ocrx_word' id='word_1_16' title='bbox 400 485 658 532; x_wconf 89' lang='lat' dir='ltr'>nullatenus</span> <span class='ocrx_word' id='word_1_17' title='bbox 699 484 961 532; x_wconf 88' lang='lat' dir='ltr'>defuturam</span> <span class='ocrx_word' id='word_1_18' title='bbox 1005 484 1240 532; x_wconf 87' lang='lat' dir='ltr'>confidite.</span> <span class='ocrx_word' id='word_1_19' title='bbox 1284 485 1425 532; x_wconf 91' lang='lat' dir='ltr'>Nobis</span> <span class='ocrx_word' id='word_1_20' title='bbox 1466 490 1622 532; x_wconf 90' lang='lat' dir='ltr'>autem</span> <span class='ocrx_word' id='word_1_21' title='bbox 1663 486 1741 549; x_wconf 93' lang='lat' dir='ltr'>qui</span> 
     </span>
     <span class='ocr_line' id='line_1_4' title="bbox 348 560 1742 624; baseline 0.002 -19"><span class='ocrx_word' id='word_1_22' title='bbox 348 579 368 605; x_wconf 70' lang='lat' dir='ltr'>c&lt;</span> <span class='ocrx_word' id='word_1_23' title='bbox 399 560 567 607; x_wconf 90' lang='lat' dir='ltr'>vestris</span> <span class='ocrx_word' id='word_1_24' title='bbox 597 560 953 624; x_wconf 80' lang='lat' dir='ltr'>paternitatibus</span> <span class='ocrx_word' id='word_1_25' title='bbox 980 562 1077 621; x_wconf 89' lang='lat' dir='ltr'>jam</span> <span class='ocrx_word' id='word_1_26' title='bbox 1101 560 1246 607; x_wconf 87' lang='lat' dir='ltr'>tercio</span> <span class='ocrx_word' id='word_1_27' title='bbox 1273 577 1416 623; x_wconf 89' lang='lat' dir='ltr'>super</span> <span class='ocrx_word' id='word_1_28' title='bbox 1440 561 1526 607; x_wconf 90' lang='lat' dir='ltr'>hac</span> <span class='ocrx_word' id='word_1_29' title='bbox 1551 577 1602 608; x_wconf 87' lang='lat' dir='ltr'>re</span> <span class='ocrx_word' id='word_1_30' title='bbox 1629 562 1742 609; x_wconf 90' lang='lat' dir='ltr'>scri-</span> 
     </span>
     <span class='ocr_line' id='line_1_5' title="bbox 346 635 1738 699; baseline 0.003 -19"><span class='ocrx_word' id='word_1_31' title='bbox 346 655 366 680; x_wconf 82' lang='lat'>«</span> <span class='ocrx_word' id='word_1_32' title='bbox 398 636 568 693; x_wconf 89' lang='lat' dir='ltr'>bimus,</span> <span class='ocrx_word' id='word_1_33' title='bbox 612 636 798 699; x_wconf 84' lang='lat' dir='ltr'>aliquod</span> <span class='ocrx_word' id='word_1_34' title='bbox 836 635 1024 682; x_wconf 89' lang='lat' dir='ltr'>tandem</span> <span class='ocrx_word' id='word_1_35' title='bbox 1067 652 1362 699; x_wconf 88' lang='lat' dir='ltr'>responsum,</span> <span class='ocrx_word' id='word_1_36' title='bbox 1405 635 1738 699; x_wconf 82' lang='lat' dir='ltr'>supplicamus,</span> 
     </span>
     <span class='ocr_line' id='line_1_6' title="bbox 345 712 1742 774; baseline 0.002 -18"><span class='ocrx_word' id='word_1_37' title='bbox 345 731 366 756; x_wconf 73' lang='lat' dir='ltr'>&lt;t</span> <span class='ocrx_word' id='word_1_38' title='bbox 397 713 660 759; x_wconf 84' lang='lat' dir='ltr'><strong>remittatis.</strong></span> <span class='ocrx_word' id='word_1_39' title='bbox 705 712 884 766; x_wconf 89' lang='lat' dir='ltr'>Valete,</span> <span class='ocrx_word' id='word_1_40' title='bbox 934 717 1092 774; x_wconf 84' lang='lat' dir='ltr'>patres</span> <span class='ocrx_word' id='word_1_41' title='bbox 1135 712 1518 759; x_wconf 87' lang='lat' dir='ltr'>metuendissimi.</span> <span class='ocrx_word' id='word_1_42' title='bbox 1576 715 1640 758; x_wconf 90' lang='lat' dir='ltr'>Ita</span> <span class='ocrx_word' id='word_1_43' title='bbox 1683 712 1742 759; x_wconf 88' lang='lat' dir='ltr'>de</span> 
     </span>
     <span class='ocr_line' id='line_1_7' title="bbox 345 786 1743 852; baseline 0.002 -21"><span class='ocrx_word' id='word_1_44' title='bbox 345 807 366 831; x_wconf 69' lang='grc' dir='ltr'>(ι</span> <span class='ocrx_word' id='word_1_45' title='bbox 398 788 620 834; x_wconf 84' lang='lat' dir='ltr'>militante</span> <span class='ocrx_word' id='word_1_46' title='bbox 639 787 943 842; x_wconf 90' lang='lat' dir='ltr'>Jherusalem,</span> <span class='ocrx_word' id='word_1_47' title='bbox 967 786 1093 848; x_wconf 92' lang='lat' dir='ltr'>quod</span> <span class='ocrx_word' id='word_1_48' title='bbox 1115 786 1160 833; x_wconf 94' lang='lat' dir='ltr'>in</span> <span class='ocrx_word' id='word_1_49' title='bbox 1181 787 1386 835; x_wconf 87' lang='lat' dir='ltr'>humeris</span> <span class='ocrx_word' id='word_1_50' title='bbox 1407 787 1592 844; x_wconf 87' lang='lat' dir='ltr'>vehitis,</span> <span class='ocrx_word' id='word_1_51' title='bbox 1616 787 1743 852; x_wconf 84' lang='lat' dir='ltr'>cogi-</span> 
     </span>
     <span class='ocr_line' id='line_1_8' title="bbox 345 870 563 911; baseline 0.014 -3"><span class='ocrx_word' id='word_1_52' title='bbox 345 883 365 908; x_wconf 77' lang='lat'>«</span> <span class='ocrx_word' id='word_1_53' title='bbox 396 870 506 911; x_wconf 83' lang='lat' dir='ltr'>tate.</span> <span class='ocrx_word' id='word_1_54' title='bbox 543 883 563 907; x_wconf 77' lang='lat'>1&gt;</span> 
     </span>
    </p>

    <p class='ocr_par' dir='ltr' id='par_1_3' title="bbox 332 938 1742 1993">
     <span class='ocr_line' id='line_1_9' title="bbox 404 938 1737 995; baseline 0 -8"><span class='ocrx_word' id='word_1_55' title='bbox 404 939 706 987; x_wconf 88' lang='lat' dir='ltr'>Postmodum</span> <span class='ocrx_word' id='word_1_56' title='bbox 722 954 853 994; x_wconf 86' lang='lat' dir='ltr'>vero,</span> <span class='ocrx_word' id='word_1_57' title='bbox 874 938 1097 985; x_wconf 86' lang='lat' dir='ltr'>instancia</span> <span class='ocrx_word' id='word_1_58' title='bbox 1110 939 1433 987; x_wconf 87' lang='lat' dir='ltr'>Universitatis</span> <span class='ocrx_word' id='word_1_59' title='bbox 1451 939 1737 995; x_wconf 81' lang='lat' dir='ltr'>parisiensis,</span> 
     </span>
     <span class='ocr_line' id='line_1_10' title="bbox 339 1015 1742 1080; baseline -0.001 -16"><span class='ocrx_word' id='word_1_60' title='bbox 339 1033 420 1064; x_wconf 87' lang='lat' dir='ltr'>rex</span> <span class='ocrx_word' id='word_1_61' title='bbox 451 1016 657 1072; x_wconf 86' lang='lat' dir='ltr'>Francie,</span> <span class='ocrx_word' id='word_1_62' title='bbox 687 1015 880 1062; x_wconf 91' lang='lat' dir='ltr'>consilio</span> <span class='ocrx_word' id='word_1_63' title='bbox 914 1015 1198 1077; x_wconf 77' lang='lat' dir='ltr'>prelatorum</span> <span class='ocrx_word' id='word_1_64' title='bbox 1233 1016 1361 1080; x_wconf 86' lang='lat' dir='ltr'>regni</span> <span class='ocrx_word' id='word_1_65' title='bbox 1396 1015 1510 1072; x_wconf 76' lang='lat' dir='ltr'>sui1,</span> <span class='ocrx_word' id='word_1_66' title='bbox 1543 1015 1669 1062; x_wconf 89' lang='lat' dir='ltr'>misit</span> <span class='ocrx_word' id='word_1_67' title='bbox 1695 1016 1742 1062; x_wconf 92' lang='lat' dir='ltr'>in</span> 
     </span>
     <span class='ocr_line' id='line_1_11' title="bbox 337 1091 1741 1155; baseline -0.001 -16"><span class='ocrx_word' id='word_1_68' title='bbox 337 1093 610 1140; x_wconf 87' lang='lat' dir='ltr'>Avinionem</span> <span class='ocrx_word' id='word_1_69' title='bbox 637 1092 779 1139; x_wconf 90' lang='lat' dir='ltr'>duces</span> <span class='ocrx_word' id='word_1_70' title='bbox 807 1091 998 1145; x_wconf 88' lang='lat' dir='ltr'>Biturie,</span> <span class='ocrx_word' id='word_1_71' title='bbox 1029 1091 1295 1155; x_wconf 83' lang='lat' dir='ltr'>Burgundie</span> <span class='ocrx_word' id='word_1_72' title='bbox 1326 1098 1372 1138; x_wconf 86' lang='lat' dir='ltr'>et</span> <span class='ocrx_word' id='word_1_73' title='bbox 1397 1091 1741 1139; x_wconf 88' lang='lat' dir='ltr'>Aurelianensis</span> 
     </span>
     <span class='ocr_line' id='line_1_12' title="bbox 337 1167 1741 1231; baseline -0.002 -15"><span class='ocrx_word' id='word_1_74' title='bbox 337 1185 443 1216; x_wconf 89' lang='lat' dir='ltr'>cum</span> <span class='ocrx_word' id='word_1_75' title='bbox 463 1168 696 1231; x_wconf 89' lang='lat' dir='ltr'>deputatis</span> <span class='ocrx_word' id='word_1_76' title='bbox 716 1168 773 1215; x_wconf 89' lang='lat' dir='ltr'>ab</span> <span class='ocrx_word' id='word_1_77' title='bbox 799 1167 1108 1215; x_wconf 88' lang='lat' dir='ltr'>Universitate</span> <span class='ocrx_word' id='word_1_78' title='bbox 1129 1167 1186 1214; x_wconf 92' lang='lat' dir='ltr'>ad</span> <span class='ocrx_word' id='word_1_79' title='bbox 1213 1167 1553 1214; x_wconf 89' lang='lat' dir='ltr'>removendum</span> <span class='ocrx_word' id='word_1_80' title='bbox 1573 1167 1741 1214; x_wconf 89' lang='lat' dir='ltr'>scisma</span> 
     </span>
     <span class='ocr_line' id='line_1_13' title="bbox 337 1242 1740 1306; baseline -0.001 -15"><span class='ocrx_word' id='word_1_81' title='bbox 337 1244 463 1306; x_wconf 90' lang='lat' dir='ltr'>quod</span> <span class='ocrx_word' id='word_1_82' title='bbox 488 1251 587 1291; x_wconf 86' lang='lat' dir='ltr'>erat</span> <span class='ocrx_word' id='word_1_83' title='bbox 613 1244 658 1290; x_wconf 88' lang='lat' dir='ltr'>in</span> <span class='ocrx_word' id='word_1_84' title='bbox 680 1243 906 1298; x_wconf 70' lang='lat' dir='ltr'>Ecclesia,</span> <span class='ocrx_word' id='word_1_85' title='bbox 932 1243 1011 1306; x_wconf 88' lang='lat' dir='ltr'>qui</span> <span class='ocrx_word' id='word_1_86' title='bbox 1035 1242 1176 1290; x_wconf 85' lang='lat' dir='ltr'>duces</span> <span class='ocrx_word' id='word_1_87' title='bbox 1204 1243 1411 1289; x_wconf 83' lang='lat' dir='ltr'>fecerunt</span> <span class='ocrx_word' id='word_1_88' title='bbox 1439 1243 1740 1305; x_wconf 86' lang='lat' dir='ltr'>pronunciari</span> 
     </span>
     <span class='ocr_line' id='line_1_14' title="bbox 337 1319 1740 1384; baseline 0.001 -18"><span class='ocrx_word' id='word_1_89' title='bbox 337 1337 421 1383; x_wconf 90' lang='lat' dir='ltr'>per</span> <span class='ocrx_word' id='word_1_90' title='bbox 463 1320 737 1384; x_wconf 81' lang='lat' dir='ltr'>magistrum</span> <span class='ocrx_word' id='word_1_91' title='bbox 780 1319 994 1383; x_wconf 82' lang='lat' dir='ltr'>Egidium</span> <span class='ocrx_word' id='word_1_92' title='bbox 1036 1319 1094 1365; x_wconf 85' lang='lat' dir='ltr'>dc</span> <span class='ocrx_word' id='word_1_93' title='bbox 1132 1319 1343 1381; x_wconf 89' lang='lat' dir='ltr'>Campis,</span> <span class='ocrx_word' id='word_1_94' title='bbox 1391 1319 1641 1366; x_wconf 86' lang='lat' dir='ltr'>oriundum</span> <span class='ocrx_word' id='word_1_95' title='bbox 1681 1319 1740 1367; x_wconf 86' lang='lat' dir='ltr'>de</span> 
     </span>
     <span class='ocr_line' id='line_1_15' title="bbox 336 1395 1736 1460; baseline -0.002 -16"><span class='ocrx_word' id='word_1_96' title='bbox 336 1399 611 1460; x_wconf 82' lang='lat' dir='ltr'>Rotomago,</span> <span class='ocrx_word' id='word_1_97' title='bbox 629 1397 675 1442; x_wconf 88' lang='lat' dir='ltr'>in</span> <span class='ocrx_word' id='word_1_98' title='bbox 698 1412 826 1443; x_wconf 89' lang='lat' dir='ltr'>sacra</span> <span class='ocrx_word' id='word_1_99' title='bbox 846 1395 1012 1459; x_wconf 79' lang='lat' dir='ltr'>pagina</span> <span class='ocrx_word' id='word_1_100' title='bbox 1034 1395 1308 1458; x_wconf 85' lang='lat' dir='ltr'>magistrum</span> <span class='ocrx_word' id='word_1_101' title='bbox 1328 1395 1736 1451; x_wconf 78' lang='lat' dir='ltr'>famosissimum²‚</span> 
     </span>
     <span class='ocr_line' id='line_1_16' title="bbox 336 1471 1740 1533; baseline -0.001 -15"><span class='ocrx_word' id='word_1_102' title='bbox 336 1472 448 1533; x_wconf 87' lang='lat' dir='ltr'>quid</span> <span class='ocrx_word' id='word_1_103' title='bbox 483 1471 854 1518; x_wconf 85' lang='lat' dir='ltr'>deliberaverant</span> <span class='ocrx_word' id='word_1_104' title='bbox 879 1487 963 1517; x_wconf 84' lang='lat' dir='ltr'>rex</span> <span class='ocrx_word' id='word_1_105' title='bbox 996 1471 1184 1518; x_wconf 87' lang='lat' dir='ltr'>Francie</span> <span class='ocrx_word' id='word_1_106' title='bbox 1216 1487 1302 1533; x_wconf 89' lang='lat' dir='ltr'>per</span> <span class='ocrx_word' id='word_1_107' title='bbox 1333 1487 1469 1518; x_wconf 91' lang='lat' dir='ltr'>suum</span> <span class='ocrx_word' id='word_1_108' title='bbox 1497 1471 1740 1518; x_wconf 91' lang='lat' dir='ltr'>consilium</span> 
     </span>
     <span class='ocr_line' id='line_1_17' title="bbox 335 1546 1740 1611; baseline 0.001 -17"><span class='ocrx_word' id='word_1_109' title='bbox 335 1554 382 1594; x_wconf 90' lang='lat' dir='ltr'>et</span> <span class='ocrx_word' id='word_1_110' title='bbox 404 1547 688 1595; x_wconf 81' lang='lat' dir='ltr'>Universitas</span> <span class='ocrx_word' id='word_1_111' title='bbox 719 1547 989 1594; x_wconf 89' lang='lat' dir='ltr'>Parisiensis</span> <span class='ocrx_word' id='word_1_112' title='bbox 1023 1564 1197 1602; x_wconf 89' lang='lat' dir='ltr'>secum,</span> <span class='ocrx_word' id='word_1_113' title='bbox 1228 1547 1442 1595; x_wconf 85' lang='lat' dir='ltr'>videlicet</span> <span class='ocrx_word' id='word_1_114' title='bbox 1476 1547 1603 1611; x_wconf 93' lang='lat' dir='ltr'>quod</span> <span class='ocrx_word' id='word_1_115' title='bbox 1630 1546 1740 1595; x_wconf 92' lang='lat' dir='ltr'>sub-</span> 
     </span>
     <span class='ocr_line' id='line_1_18' title="bbox 334 1623 1738 1686; baseline 0 -16"><span class='ocrx_word' id='word_1_116' title='bbox 334 1624 572 1671; x_wconf 86' lang='lat' dir='ltr'>traherent</span> <span class='ocrx_word' id='word_1_117' title='bbox 597 1623 918 1671; x_wconf 88' lang='lat' dir='ltr'>obedienciam</span> <span class='ocrx_word' id='word_1_118' title='bbox 950 1623 1009 1670; x_wconf 89' lang='lat' dir='ltr'>ab</span> <span class='ocrx_word' id='word_1_119' title='bbox 1041 1623 1208 1670; x_wconf 88' lang='lat' dir='ltr'>eodem</span> <span class='ocrx_word' id='word_1_120' title='bbox 1240 1626 1362 1686; x_wconf 89' lang='lat' dir='ltr'>Papa</span> <span class='ocrx_word' id='word_1_121' title='bbox 1392 1624 1659 1680; x_wconf 87' lang='lat' dir='ltr'>Benedicto,</span> <span class='ocrx_word' id='word_1_122' title='bbox 1692 1624 1738 1670; x_wconf 94' lang='lat' dir='ltr'>in</span> 
     </span>
     <span class='ocr_line' id='line_1_19' title="bbox 335 1698 1739 1764; baseline -0.001 -17"><span class='ocrx_word' id='word_1_123' title='bbox 335 1717 442 1748; x_wconf 89' lang='lat' dir='ltr'>casu</span> <span class='ocrx_word' id='word_1_124' title='bbox 469 1700 594 1764; x_wconf 90' lang='lat' dir='ltr'>quod</span> <span class='ocrx_word' id='word_1_125' title='bbox 620 1699 892 1747; x_wconf 88' lang='lat' dir='ltr'>Bonefacius</span> <span class='ocrx_word' id='word_1_126' title='bbox 917 1698 996 1761; x_wconf 90' lang='lat' dir='ltr'>qui</span> <span class='ocrx_word' id='word_1_127' title='bbox 1016 1701 1187 1762; x_wconf 89' lang='lat' dir='ltr'>Papam</span> <span class='ocrx_word' id='word_1_128' title='bbox 1212 1715 1456 1746; x_wconf 89' lang='lat' dir='ltr'>romanum</span> <span class='ocrx_word' id='word_1_129' title='bbox 1483 1716 1531 1747; x_wconf 90' lang='lat' dir='ltr'>se</span> <span class='ocrx_word' id='word_1_130' title='bbox 1558 1705 1739 1747; x_wconf 90' lang='lat' dir='ltr'>astrue-</span> 
     </span>
     <span class='ocr_line' id='line_1_20' title="bbox 333 1775 1738 1839; baseline 0 -16"><span class='ocrx_word' id='word_1_131' title='bbox 333 1777 428 1833; x_wconf 89' lang='lat' dir='ltr'>bat,</span> <span class='ocrx_word' id='word_1_132' title='bbox 459 1793 514 1823; x_wconf 93' lang='lat' dir='ltr'>eo</span> <span class='ocrx_word' id='word_1_133' title='bbox 541 1775 682 1823; x_wconf 90' lang='lat' dir='ltr'>modo</span> <span class='ocrx_word' id='word_1_134' title='bbox 702 1775 841 1822; x_wconf 87' lang='lat' dir='ltr'>vellet</span> <span class='ocrx_word' id='word_1_135' title='bbox 862 1775 1136 1838; x_wconf 86' lang='lat' dir='ltr'>procedere,</span> <span class='ocrx_word' id='word_1_136' title='bbox 1161 1792 1213 1823; x_wconf 92' lang='lat' dir='ltr'>ac</span> <span class='ocrx_word' id='word_1_137' title='bbox 1237 1776 1540 1839; x_wconf 88' lang='lat' dir='ltr'>postmodum</span> <span class='ocrx_word' id='word_1_138' title='bbox 1560 1793 1619 1823; x_wconf 85' lang='lat' dir='ltr'>ex</span> <span class='ocrx_word' id='word_1_139' title='bbox 1645 1791 1738 1823; x_wconf 91' lang='lat' dir='ltr'>uno</span> 
     </span>
     <span class='ocr_line' id='line_1_21' title="bbox 332 1851 1739 1916; baseline -0.001 -16"><span class='ocrx_word' id='word_1_140' title='bbox 332 1854 541 1916; x_wconf 88' lang='lat' dir='ltr'>ipsorum</span> <span class='ocrx_word' id='word_1_141' title='bbox 585 1852 788 1900; x_wconf 87' lang='lat' dir='ltr'>duorum</span> <span class='ocrx_word' id='word_1_142' title='bbox 831 1859 909 1899; x_wconf 90' lang='lat' dir='ltr'>aut</span> <span class='ocrx_word' id='word_1_143' title='bbox 947 1868 1006 1899; x_wconf 88' lang='lat' dir='ltr'>ex</span> <span class='ocrx_word' id='word_1_144' title='bbox 1050 1868 1143 1899; x_wconf 92' lang='lat' dir='ltr'>uno</span> <span class='ocrx_word' id='word_1_145' title='bbox 1186 1851 1275 1898; x_wconf 90' lang='lat' dir='ltr'>alio</span> <span class='ocrx_word' id='word_1_146' title='bbox 1314 1853 1448 1899; x_wconf 91' lang='lat' dir='ltr'>fieret</span> <span class='ocrx_word' id='word_1_147' title='bbox 1491 1853 1655 1900; x_wconf 91' lang='lat' dir='ltr'>unicus</span> <span class='ocrx_word' id='word_1_148' title='bbox 1692 1858 1739 1899; x_wconf 90' lang='lat' dir='ltr'>et</span> 
     </span>
     <span class='ocr_line' id='line_1_22' title="bbox 332 1933 641 1993; baseline 0 -17"><span class='ocrx_word' id='word_1_149' title='bbox 332 1946 474 1977; x_wconf 82' lang='lat' dir='ltr'>verus</span> <span class='ocrx_word' id='word_1_150' title='bbox 500 1933 641 1993; x_wconf 91' lang='lat' dir='ltr'>Papa.</span> 
     </span>
    </p>

    <p class='ocr_par' dir='ltr' id='par_1_4' title="bbox 332 2004 1737 2144">
     <span class='ocr_line' id='line_1_23' title="bbox 398 2004 1732 2068; baseline 0.001 -17"><span class='ocrx_word' id='word_1_151' title='bbox 398 2008 542 2052; x_wconf 87' lang='lat' dir='ltr'>Porro</span> <span class='ocrx_word' id='word_1_152' title='bbox 583 2008 705 2067; x_wconf 91' lang='lat' dir='ltr'>Papa</span> <span class='ocrx_word' id='word_1_153' title='bbox 749 2004 1069 2060; x_wconf 83' lang='lat' dir='ltr'>Benedictus3‚</span> <span class='ocrx_word' id='word_1_154' title='bbox 1117 2010 1225 2068; x_wconf 93' lang='lat' dir='ltr'>post</span> <span class='ocrx_word' id='word_1_155' title='bbox 1262 2004 1430 2051; x_wconf 88' lang='lat' dir='ltr'>multas</span> <span class='ocrx_word' id='word_1_156' title='bbox 1471 2004 1732 2060; x_wconf 85' lang='lat' dir='ltr'>dilationes,</span> 
     </span>
     <span class='ocr_line' id='line_1_24' title="bbox 332 2080 1737 2144; baseline 0.001 -16"><span class='ocrx_word' id='word_1_157' title='bbox 332 2082 452 2128; x_wconf 86' lang='lat' dir='ltr'>circa</span> <span class='ocrx_word' id='word_1_158' title='bbox 495 2081 665 2128; x_wconf 87' lang='lat' dir='ltr'>festum</span> <span class='ocrx_word' id='word_1_159' title='bbox 706 2081 859 2128; x_wconf 88' lang='lat' dir='ltr'>Sancti</span> <span class='ocrx_word' id='word_1_160' title='bbox 899 2081 1118 2128; x_wconf 67' lang='lat' dir='ltr'>johannis</span> <span class='ocrx_word' id='word_1_161' title='bbox 1162 2080 1367 2144; x_wconf 90' lang='lat' dir='ltr'>Baptiste</span> <span class='ocrx_word' id='word_1_162' title='bbox 1410 2081 1516 2127; x_wconf 90' lang='lat' dir='ltr'>anni</span> <span class='ocrx_word' id='word_1_163' title='bbox 1561 2080 1608 2128; x_wconf 88' lang='lat' dir='ltr'>Mi</span> <span class='ocrx_word' id='word_1_164' title='bbox 1636 2081 1737 2130; x_wconf 83' lang='lat' dir='ltr'>CCCi</span> 
     </span>
    </p>
   </div>
   <div class='ocr_carea' id='block_1_3' title="bbox 329 2209 1736 2842">
    <p class='ocr_par' dir='ltr' id='par_1_5' title="bbox 329 2209 1736 2550">
     <span class='ocr_line' id='line_1_25' title="bbox 379 2209 1736 2258; baseline 0 -11"><span class='ocrx_word' id='word_1_165' title='bbox 379 2212 411 2247; x_wconf 88' lang='lat'>1.</span> <span class='ocrx_word' id='word_1_166' title='bbox 435 2210 593 2246; x_wconf 86' lang='lat' dir='ltr'>Charles</span> <span class='ocrx_word' id='word_1_167' title='bbox 620 2209 677 2246; x_wconf 90' lang='lat' dir='ltr'>VI</span> <span class='ocrx_word' id='word_1_168' title='bbox 704 2209 831 2245; x_wconf 77' lang='lat' dir='ltr'>reunit</span> <span class='ocrx_word' id='word_1_169' title='bbox 862 2220 909 2245; x_wconf 87' lang='lat' dir='ltr'>au</span> <span class='ocrx_word' id='word_1_170' title='bbox 936 2209 1058 2257; x_wconf 86' lang='lat' dir='ltr'>palais</span> <span class='ocrx_word' id='word_1_171' title='bbox 1084 2219 1161 2245; x_wconf 86' lang='lat' dir='ltr'>une</span> <span class='ocrx_word' id='word_1_172' title='bbox 1190 2210 1404 2246; x_wconf 82' lang='lat' dir='ltr'>assemblee</span> <span class='ocrx_word' id='word_1_173' title='bbox 1431 2210 1477 2246; x_wconf 90' lang='lat' dir='ltr'>de</span> <span class='ocrx_word' id='word_1_174' title='bbox 1503 2210 1647 2257; x_wconf 74' lang='lat' dir='ltr'>prelats</span> <span class='ocrx_word' id='word_1_175' title='bbox 1671 2210 1736 2258; x_wconf 88' lang='lat' dir='ltr'>qui</span> 
     </span>
     <span class='ocr_line' id='line_1_26' title="bbox 330 2268 1736 2316; baseline -0.001 -10"><span class='ocrx_word' id='word_1_176' title='bbox 330 2270 481 2316; x_wconf 83' lang='lat' dir='ltr'>adopta,</span> <span class='ocrx_word' id='word_1_177' title='bbox 509 2269 544 2305; x_wconf 84' lang='lat' dir='ltr'>le</span> <span class='ocrx_word' id='word_1_178' title='bbox 566 2270 608 2305; x_wconf 84' lang='lat'>18</span> <span class='ocrx_word' id='word_1_179' title='bbox 635 2269 774 2305; x_wconf 74' lang='lat' dir='ltr'>sevrier</span> <span class='ocrx_word' id='word_1_180' title='bbox 796 2268 884 2305; x_wconf 87' lang='lat'>1395</span> <span class='ocrx_word' id='word_1_181' title='bbox 906 2274 961 2310; x_wconf 87' lang='lat' dir='ltr'>(n.</span> <span class='ocrx_word' id='word_1_182' title='bbox 992 2270 1068 2315; x_wconf 88' lang='lat' dir='ltr'>st.),</span> <span class='ocrx_word' id='word_1_183' title='bbox 1095 2269 1130 2305; x_wconf 93' lang='grc'>18</span> <span class='ocrx_word' id='word_1_184' title='bbox 1157 2274 1259 2304; x_wconf 85' lang='lat' dir='ltr'>texte</span> <span class='ocrx_word' id='word_1_185' title='bbox 1290 2268 1354 2304; x_wconf 90' lang='lat' dir='ltr'>des</span> <span class='ocrx_word' id='word_1_186' title='bbox 1381 2268 1636 2305; x_wconf 82' lang='lat' dir='ltr'>instructions</span> <span class='ocrx_word' id='word_1_187' title='bbox 1662 2279 1736 2316; x_wconf 88' lang='lat' dir='ltr'>que</span> 
     </span>
     <span class='ocr_line' id='line_1_27' title="bbox 331 2327 1736 2375; baseline -0.001 -11"><span class='ocrx_word' id='word_1_188' title='bbox 331 2328 510 2364; x_wconf 86' lang='lat' dir='ltr'>devaient</span> <span class='ocrx_word' id='word_1_189' title='bbox 530 2332 722 2374; x_wconf 87' lang='lat' dir='ltr'>emporter</span> <span class='ocrx_word' id='word_1_190' title='bbox 740 2327 795 2363; x_wconf 88' lang='lat' dir='ltr'>les</span> <span class='ocrx_word' id='word_1_191' title='bbox 816 2327 910 2364; x_wconf 91' lang='lat' dir='ltr'>ducs</span> <span class='ocrx_word' id='word_1_192' title='bbox 930 2327 952 2363; x_wconf 76' lang='lat' dir='ltr'>a</span> <span class='ocrx_word' id='word_1_193' title='bbox 972 2328 1153 2375; x_wconf 85' lang='lat' dir='ltr'>Avignon</span> <span class='ocrx_word' id='word_1_194' title='bbox 1176 2328 1397 2373; x_wconf 75' lang='lat' dir='ltr'>(Chronique</span> <span class='ocrx_word' id='word_1_195' title='bbox 1416 2329 1467 2363; x_wconf 84' lang='lat' dir='ltr'>du</span> <span class='ocrx_word' id='word_1_196' title='bbox 1489 2329 1676 2372; x_wconf 73' lang='lat' dir='ltr'>Reliyieuoe</span> <span class='ocrx_word' id='word_1_197' title='bbox 1694 2329 1736 2363; x_wconf 83' lang='lat' dir='ltr'>de</span> 
     </span>
     <span class='ocr_line' id='line_1_28' title="bbox 329 2385 1736 2433; baseline -0.001 -9"><span class='ocrx_word' id='word_1_198' title='bbox 329 2387 591 2431; x_wconf 62' lang='grc' dir='ltr'>Ξαίηῑ-Πεηῃε,</span> <span class='ocrx_word' id='word_1_199' title='bbox 614 2392 641 2422; x_wconf 90' lang='lat' dir='ltr'>t.</span> <span class='ocrx_word' id='word_1_200' title='bbox 664 2386 715 2433; x_wconf 94' lang='lat' dir='ltr'>II,</span> <span class='ocrx_word' id='word_1_201' title='bbox 737 2397 773 2433; x_wconf 89' lang='lat' dir='ltr'>p.</span> <span class='ocrx_word' id='word_1_202' title='bbox 796 2385 878 2431; x_wconf 85' lang='lat'>226,</span> <span class='ocrx_word' id='word_1_203' title='bbox 900 2392 938 2422; x_wconf 84' lang='lat' dir='ltr'>et</span> <span class='ocrx_word' id='word_1_204' title='bbox 957 2386 1002 2422; x_wconf 84' lang='lat' dir='ltr'>E.</span> <span class='ocrx_word' id='word_1_205' title='bbox 1024 2386 1156 2433; x_wconf 84' lang='lat' dir='ltr'>Jarry,</span> <span class='ocrx_word' id='word_1_206' title='bbox 1178 2389 1215 2422; x_wconf 82' lang='lat' dir='ltr'>la</span> <span class='ocrx_word' id='word_1_207' title='bbox 1242 2388 1319 2422; x_wconf 79' lang='lat' dir='ltr'>Voz&#39;e</span> <span class='ocrx_word' id='word_1_208' title='bbox 1339 2388 1380 2422; x_wconf 83' lang='lat' dir='ltr'>de</span> <span class='ocrx_word' id='word_1_209' title='bbox 1399 2389 1472 2433; x_wconf 72' lang='lat' dir='ltr'>fait</span> <span class='ocrx_word' id='word_1_210' title='bbox 1498 2391 1530 2422; x_wconf 78' lang='lat' dir='ltr'>et</span> <span class='ocrx_word' id='word_1_211' title='bbox 1551 2389 1736 2423; x_wconf 59' lang='lat' dir='ltr'>salliance</span> 
     </span>
     <span class='ocr_line' id='line_1_29' title="bbox 331 2438 1734 2492; baseline -0.001 -10"><span class='ocrx_word' id='word_1_212' title='bbox 331 2447 693 2491; x_wconf 79' lang='lat' dir='ltr'>franco-milanaise,</span> <span class='ocrx_word' id='word_1_213' title='bbox 719 2446 962 2490; x_wconf 63' lang='lat' dir='ltr'>Bibliotheque</span> <span class='ocrx_word' id='word_1_214' title='bbox 976 2447 1017 2481; x_wconf 80' lang='lat' dir='ltr'>de</span> <span class='ocrx_word' id='word_1_215' title='bbox 1038 2438 1166 2481; x_wconf 71' lang='lat' dir='ltr'>L&#39;Ecole</span> <span class='ocrx_word' id='word_1_216' title='bbox 1185 2446 1244 2481; x_wconf 77' lang='lat' dir='ltr'>des</span> <span class='ocrx_word' id='word_1_217' title='bbox 1269 2447 1423 2488; x_wconf 74' lang='lat' dir='ltr'>chartas,</span> <span class='ocrx_word' id='word_1_218' title='bbox 1451 2445 1558 2491; x_wconf 87' lang='lat'>1892,</span> <span class='ocrx_word' id='word_1_219' title='bbox 1581 2450 1606 2481; x_wconf 89' lang='lat' dir='ltr'>t.</span> <span class='ocrx_word' id='word_1_220' title='bbox 1630 2445 1734 2492; x_wconf 93' lang='lat' dir='ltr'>LIII,</span> 
     </span>
     <span class='ocr_line' id='line_1_30' title="bbox 331 2503 487 2550; baseline -0.006 -10"><span class='ocrx_word' id='word_1_221' title='bbox 331 2515 368 2550; x_wconf 91' lang='lat' dir='ltr'>p.</span> <span class='ocrx_word' id='word_1_222' title='bbox 392 2503 487 2548; x_wconf 87' lang='lat'>540).</span> 
     </span>
    </p>

    <p class='ocr_par' dir='ltr' id='par_1_6' title="bbox 332 2560 1736 2784">
     <span class='ocr_line' id='line_1_31' title="bbox 380 2560 1736 2608; baseline -0.001 -10"><span class='ocrx_word' id='word_1_223' title='bbox 380 2562 414 2598; x_wconf 89' lang='lat'>2.</span> <span class='ocrx_word' id='word_1_224' title='bbox 438 2561 514 2597; x_wconf 87' lang='lat' dir='ltr'>Sur</span> <span class='ocrx_word' id='word_1_225' title='bbox 533 2561 567 2597; x_wconf 97' lang='grc'>18</span> <span class='ocrx_word' id='word_1_226' title='bbox 587 2561 761 2598; x_wconf 86' lang='lat' dir='ltr'>discours</span> <span class='ocrx_word' id='word_1_227' title='bbox 780 2561 976 2607; x_wconf 80' lang='lat' dir='ltr'>prononce</span> <span class='ocrx_word' id='word_1_228' title='bbox 998 2560 1032 2597; x_wconf 89' lang='lat' dir='ltr'>le</span> <span class='ocrx_word' id='word_1_229' title='bbox 1058 2561 1103 2597; x_wconf 70' lang='lat'>24</span> <span class='ocrx_word' id='word_1_230' title='bbox 1124 2561 1201 2597; x_wconf 89' lang='lat' dir='ltr'>mai</span> <span class='ocrx_word' id='word_1_231' title='bbox 1223 2561 1313 2598; x_wconf 87' lang='lat'>1395</span> <span class='ocrx_word' id='word_1_232' title='bbox 1339 2561 1480 2597; x_wconf 86' lang='lat' dir='ltr'>devant</span> <span class='ocrx_word' id='word_1_233' title='bbox 1501 2560 1535 2596; x_wconf 88' lang='lat' dir='ltr'>le</span> <span class='ocrx_word' id='word_1_234' title='bbox 1555 2571 1649 2608; x_wconf 80' lang='lat' dir='ltr'>pape</span> <span class='ocrx_word' id='word_1_235' title='bbox 1670 2572 1736 2607; x_wconf 85' lang='lat' dir='ltr'>par</span> 
     </span>
     <span class='ocr_line' id='line_1_32' title="bbox 333 2619 1731 2667; baseline -0.001 -11"><span class='ocrx_word' id='word_1_236' title='bbox 333 2620 452 2656; x_wconf 88' lang='lat' dir='ltr'>Gilles</span> <span class='ocrx_word' id='word_1_237' title='bbox 473 2620 727 2667; x_wconf 79' lang='lat' dir='ltr'>Deschamps,</span> <span class='ocrx_word' id='word_1_238' title='bbox 751 2619 833 2656; x_wconf 87' lang='lat' dir='ltr'>voir</span> <span class='ocrx_word' id='word_1_239' title='bbox 853 2619 889 2655; x_wconf 88' lang='lat' dir='ltr'>la</span> <span class='ocrx_word' id='word_1_240' title='bbox 906 2620 1114 2665; x_wconf 71' lang='lat' dir='ltr'>chronique</span> <span class='ocrx_word' id='word_1_241' title='bbox 1134 2622 1184 2656; x_wconf 82' lang='lat' dir='ltr'>du</span> <span class='ocrx_word' id='word_1_242' title='bbox 1204 2622 1390 2665; x_wconf 68' lang='lat' dir='ltr'>Relv&#39;yieuoe</span> <span class='ocrx_word' id='word_1_243' title='bbox 1412 2622 1453 2655; x_wconf 81' lang='lat' dir='ltr'>de</span> <span class='ocrx_word' id='word_1_244' title='bbox 1473 2619 1731 2665; x_wconf 71' lang='lat' dir='ltr'>saint-Denys,</span> 
     </span>
     <span class='ocr_line' id='line_1_33' title="bbox 332 2677 1731 2725; baseline -0.001 -11"><span class='ocrx_word' id='word_1_245' title='bbox 332 2684 360 2714; x_wconf 92' lang='lat' dir='ltr'>t.</span> <span class='ocrx_word' id='word_1_246' title='bbox 381 2678 432 2723; x_wconf 92' lang='lat' dir='ltr'>II,</span> <span class='ocrx_word' id='word_1_247' title='bbox 455 2689 489 2725; x_wconf 90' lang='lat' dir='ltr'>p.</span> <span class='ocrx_word' id='word_1_248' title='bbox 513 2679 593 2714; x_wconf 72' lang='lat'>⁶254.</span> <span class='ocrx_word' id='word_1_249' title='bbox 618 2678 738 2714; x_wconf 85' lang='lat' dir='ltr'>Gilles</span> <span class='ocrx_word' id='word_1_250' title='bbox 760 2677 1001 2724; x_wconf 85' lang='lat' dir='ltr'>Deschamps</span> <span class='ocrx_word' id='word_1_251' title='bbox 1030 2677 1146 2724; x_wconf 83' lang='lat' dir='ltr'>reprit</span> <span class='ocrx_word' id='word_1_252' title='bbox 1166 2678 1202 2713; x_wconf 86' lang='lat' dir='ltr'>la</span> <span class='ocrx_word' id='word_1_253' title='bbox 1229 2678 1358 2724; x_wconf 87' lang='lat' dir='ltr'>parole</span> <span class='ocrx_word' id='word_1_254' title='bbox 1379 2678 1413 2714; x_wconf 90' lang='lat' dir='ltr'>le</span> <span class='ocrx_word' id='word_1_255' title='bbox 1436 2679 1489 2713; x_wconf 47' lang='grc' dir='ltr'>κζ’</span> <span class='ocrx_word' id='word_1_256' title='bbox 1506 2677 1590 2724; x_wconf 87' lang='lat' dir='ltr'>juin</span> <span class='ocrx_word' id='word_1_257' title='bbox 1614 2680 1731 2723; x_wconf 64' lang='lat' dir='ltr'>ubist„</span> 
     </span>
     <span class='ocr_line' id='line_1_34' title="bbox 333 2736 1127 2784; baseline -0.001 -11"><span class='ocrx_word' id='word_1_258' title='bbox 333 2749 368 2783; x_wconf 87' lang='lat' dir='ltr'>p.</span> <span class='ocrx_word' id='word_1_259' title='bbox 391 2737 473 2783; x_wconf 87' lang='lat'>260,</span> <span class='ocrx_word' id='word_1_260' title='bbox 495 2743 532 2773; x_wconf 83' lang='lat' dir='ltr'>et</span> <span class='ocrx_word' id='word_1_261' title='bbox 552 2737 597 2773; x_wconf 88' lang='grc' dir='ltr'>Ε.</span> <span class='ocrx_word' id='word_1_262' title='bbox 618 2737 746 2784; x_wconf 79' lang='lat' dir='ltr'>Jarry,</span> <span class='ocrx_word' id='word_1_263' title='bbox 771 2742 843 2772; x_wconf 81' lang='lat' dir='ltr'>art.</span> <span class='ocrx_word' id='word_1_264' title='bbox 866 2736 953 2779; x_wconf 80' lang='lat' dir='ltr'>cite,</span> <span class='ocrx_word' id='word_1_265' title='bbox 975 2748 1011 2783; x_wconf 91' lang='lat' dir='ltr'>p.</span> <span class='ocrx_word' id='word_1_266' title='bbox 1035 2736 1127 2781; x_wconf 85' lang='lat'>543).</span> 
     </span>
    </p>

    <p class='ocr_par' dir='ltr' id='par_1_7' title="bbox 381 2794 1543 2842">
     <span class='ocr_line' id='line_1_35' title="bbox 381 2794 1543 2842; baseline 0 -11"><span class='ocrx_word' id='word_1_267' title='bbox 381 2795 411 2831; x_wconf 86' lang='lat'>3.</span> <span class='ocrx_word' id='word_1_268' title='bbox 441 2797 648 2841; x_wconf 81' lang='lat' dir='ltr'>Chronique</span> <span class='ocrx_word' id='word_1_269' title='bbox 667 2797 718 2831; x_wconf 85' lang='lat' dir='ltr'>du</span> <span class='ocrx_word' id='word_1_270' title='bbox 738 2797 924 2841; x_wconf 72' lang='lat' dir='ltr'>Reliyz&#39;euoe</span> <span class='ocrx_word' id='word_1_271' title='bbox 943 2796 984 2831; x_wconf 80' lang='lat' dir='ltr'>de</span> <span class='ocrx_word' id='word_1_272' title='bbox 1005 2796 1257 2841; x_wconf 75' lang='lat' dir='ltr'>Saint-Denys,</span> <span class='ocrx_word' id='word_1_273' title='bbox 1280 2800 1306 2831; x_wconf 94' lang='lat' dir='ltr'>t.</span> <span class='ocrx_word' id='word_1_274' title='bbox 1329 2795 1382 2842; x_wconf 93' lang='lat' dir='ltr'>II,</span> <span class='ocrx_word' id='word_1_275' title='bbox 1403 2805 1438 2842; x_wconf 92' lang='lat' dir='ltr'>p.</span> <span class='ocrx_word' id='word_1_276' title='bbox 1461 2794 1543 2831; x_wconf 86' lang='lat'>296.</span> 
     </span>
    </p>
   </div>
  </div>
 </body>
</html>
