1941 3294
218 265 322 314 1382]
493 269 862 303 GHRONOGRAPHIA
889 268 1041 302 REGUM
1065 267 1343 300 FRANCORUM.
1569 264 1614 300 45

215 348 331 397 Victi
359 354 466 397 sunt
491 365 604 413 ergo
629 354 675 396 et
701 349 940 405 confutati,
970 348 1222 411 pluresque
1246 363 1306 393 ex
1331 346 1418 393 illis
1443 347 1616 394 mortui

216 430 263 471 et
278 424 485 472 suffocati
510 430 617 472 sunt
645 424 827 488 [magis]
856 439 1096 488 pressura,
1125 439 1266 486 quam
1285 422 1454 470 ictibus
1471 424 1617 469 Fran-

216 500 423 548 corum1.

281 577 366 634 Qui
390 577 428 624 si
451 575 782 624 remansissent
807 577 854 624 in
878 583 1053 631 monte,
1082 575 1245 623 Franci
1271 591 1377 623 cum
1412 574 1616 622 maxima

216 651 481 700 difficultate
503 669 583 700 eos
608 652 975 716 impugnassent.
998 650 1167 699 Mortui
1192 656 1300 698 sunt
1325 650 1480 713 itaque
1504 656 1617 698 tunc

215 745 273 776 ex
306 729 393 776 illis
425 745 531 777 cum
563 729 774 792 Philippo
810 729 868 776 de
904 728 1190 784 Arthevella,
1227 727 1467 790 capitaneo
1509 743 1612 784 suo,

214 803 310 851 fere
335 815 422 853 xx*
439 806 457 833 ²
482 822 536 852 ac
554 806 695 852 ceteri
721 805 863 869 fugati
891 811 998 852 sunt
1025 804 1180 868 spacio
1202 804 1339 851 unius
1358 804 1503 851 leuce.

277 883 404 945 Rege
433 897 546 946 ergo
572 886 841 929 remanente
873 881 947 928 illa
983 887 1118 928 nocte
1144 881 1188 927 in
1215 896 1381 943 campo
1407 879 1614 936 victorie,

213 957 375 1004 Franci
409 958 721 1005 accenderunt
746 958 877 1022 ignes
903 957 1130 1021 plurimos
1163 973 1222 1004 ex
1254 973 1418 1004 eorum
1444 955 1618 1003 baculis

212 1049 298 1096 per
336 1039 487 1081 totum
525 1035 782 1082 exercitum
824 1034 883 1081 ad
925 1032 1285 1081 calefaciendum
1328 1033 1434 1088 se3;
1479 1032 1613 1087 adeo,

211 1110 416 1173 inquam,
440 1127 633 1174 campus
650 1111 723 1158 ille
746 1127 912 1158 cruore
933 1110 1253 1174 predictorum
1272 1108 1618 1172 Flamingorum

212 1185 498 1233 madefactus
525 1193 611 1242 est,
636 1192 686 1234 ut
705 1187 901 1234 rubrum
927 1185 1120 1248 pelagus
1147 1184 1447 1247 appareret4‚
1467 1200 1619 1231 arma-

213 1277 303 1323 que
328 1267 374 1308 et
399 1262 625 1309 cadavera
651 1262 694 1309 in
722 1261 916 1309 modum
941 1261 1128 1309 collium
1146 1260 1373 1307 tumulata
1399 1275 1618 1323 campum

211 1337 531 1399 repleverunt.
561 1341 626 1385 De
653 1338 842 1385 Francis
866 1353 980 1384 vero
1015 1335 1155 1383 occisi
1188 1336 1376 1382 fuerunt
1401 1334 1448 1381 in
1480 1335 1617 1382 inicio

208 1411 315 1460 belli
340 1430 399 1460 ex
423 1413 752 1461 trabriunculis
776 1413 878 1477 (Sic)
899 1413 1249 1476 Flamingorum
1269 1416 1314 1458 et
1343 1410 1618 1459 Gandaven-

210 1489 355 1547 cium,
391 1490 561 1554 quibus
598 1490 750 1554 prima
794 1489 950 1537 fronte
994 1488 1205 1554 aggressi
1249 1493 1357 1535 sunt
1394 1490 1615 1544 Francos,

259 1617 291 1651 1.
315 1615 417 1651 C'est
431 1616 649 1663 egalement
669 1615 691 1651 ἐι
711 1616 748 1651 la
768 1616 895 1652 meme
917 1615 1186 1652 circonstance
1207 1626 1280 1662 que
1301 1614 1385 1651 font
1405 1614 1569 1651 allusion
1585 1614 1620 1651 le

211 1673 415 1721 Religieux
441 1674 487 1710 de
518 1674 786 1722 Saint-Denys
809 1679 848 1720 (t.
871 1674 902 1718 I,
924 1686 960 1721 p.
982 1674 1063 1720 218)
1091 1680 1129 1711 et
1149 1674 1341 1710 Froissart
1363 1673 1433 1719 (ed.
1457 1674 1619 1721 Kervyn

211 1733 256 1769 de
277 1733 531 1779 Lettenhove,
552 1740 580 1769 t.
604 1733 657 1776 X,
679 1745 714 1780 p.
741 1733 835 1776 ΓΟ).

256 1790 290 1826 2.
313 1792 366 1827 Le
387 1791 592 1838 Religieux
611 1791 657 1827 de
676 1791 940 1838 Saint-Denys
962 1792 1000 1835 (t.
1025 1790 1055 1835 Ι,
1078 1802 1114 1838 p.
1138 1791 1217 1836 2²20)
1244 1796 1282 1827 et
1303 1791 1499 1828 Eustache
1519 1791 1618 1827 Des-

211 1850 370 1897 champs
392 1856 432 1891 (t.
454 1850 524 1894 ΙΠ,
547 1861 581 1897 p.
607 1851 661 1895 70)
685 1850 856 1886 donnent
878 1849 912 1886 le
933 1850 1068 1886 chiffre
1087 1850 1132 1886 de
1154 1850 1284 1895 -25‚000
1306 1857 1427 1886 morts
1449 1861 1542 1896 pour
1564 1851 1618 1886 les

210 1908 436 1955 Flamands3
459 1909 494 1945 le
514 1910 609 1945 Re'cz‘t
629 1910 670 1944 de
691 1912 727 1944 la.
747 1919 947 1954 campayne
966 1910 1008 1944 de
1029 1910 1204 1944 mandras
1229 1913 1276 1955 (p.
1295 1910 1350 1955 57)
1375 1909 1471 1945 ecrit
1489 1922 1496 1943 :
1518 1923 1533 1942 (ι
1550 1919 1618 1955 par

212 1981 228 2001 «
250 1966 349 2003 droit
370 1973 482 2004 conte
503 1968 623 2014 xxvjm
644 1972 681 2003 et
701 1978 740 2003 vc
760 1967 955 2003 Flamens.
983 1980 997 2000 ι
1020 1967 1213 2003 Froissart
1234 1967 1392 2003 s’arrete
1413 1978 1460 2003 au
1482 1967 1617 2004 chiffrc

209 2026 255 2063 de
273 2026 405 2071 26,000
428 2026 498 2072 (ed.
521 2027 681 2074 Kervyn
702 2026 747 2062 de
767 2027 1022 2072 Lettenhove,
1043 2032 1070 2062 t.
1095 2026 1149 2070 X,
1172 2038 1208 2073 p.
1233 2026 1328 2071 173).

257 2086 289 2122 3.
316 2100 332 2119 «
354 2085 403 2122 Et
422 2086 557 2122 fissent
576 2086 613 2122 la
633 2085 718 2121 nuit
738 2085 943 2122 ensievant
969 2091 1053 2132 trop
1081 2084 1200 2121 biaux
1225 2084 1318 2121 feux
1349 2095 1398 2122 en
1424 2085 1616 2132 pluiseurs

212 2158 227 2178 ι
251 2144 368 2191 lieux,
385 2144 471 2180 aval
490 2144 588 2189 Post,
605 2143 671 2180 des
691 2143 907 2190 planchons
928 2143 994 2180 des
1009 2143 1191 2179 Flamens
1213 2154 1286 2191 que
1307 2143 1335 2179 il
1352 2149 1580 2180 trouverent
1598 2157 1614 2177 n

212 2204 329 2249 (Ibat,
353 2213 389 2249 p.
415 2202 509 2248 173).

256 2262 289 2297 4.
314 2276 327 2294 ι
352 2261 505 2308 Ubique
534 2262 702 2298 rubricat
729 2263 856 2306 tellus,
887 2275 902 2296 ι
931 2261 1079 2309 d’apres
1106 2261 1141 2298 le
1169 2261 1375 2308 Religieux
1405 2261 1450 2298 de
1483 2261 1613 2297 Saint-

211 2320 345 2368 Denys
361 2326 399 2365 (t.
416 2320 447 2364 Ι,
464 2332 498 2367 p.
518 2321 613 2365 218).
635 2335 649 2354 «
666 2320 703 2356 A
716 2321 956 2358 l’assembler
975 2321 1103 2357 d'eulx
1124 2320 1270 2367 rougist
1285 2320 1322 2355 la
1341 2320 1579 2367 montaigne,
1598 2334 1613 2353 »

211 2379 347 2415 ecrivit
381 2379 575 2416 Eustache
615 2379 856 2427 Deschamps
894 2380 989 2416 dans
1031 2390 1072 2415 sa
1109 2379 1258 2415 ballade
1294 2390 1359 2414 sur
1392 2379 1429 2414 la
1460 2379 1615 2415 bataille

211 2438 268 2484 (n0
292 2449 472 2485 cccxmu,
495 2443 521 2473 t.
544 2438 614 2485 ΠΙ,
636 2449 673 2485 p.
695 2438 766 2484 69).
787 2439 848 2474 En
880 2439 984 2485 1385,
1009 2438 1182 2485 philippe
1213 2438 1247 2474 le
1276 2437 1396 2474 Hardi
1427 2438 1565 2474 acheta
1593 2441 1615 2473 a

211 2497 352 2533 Michel
379 2496 566 2541 Bernard,
594 2497 797 2545 bourgeois
826 2497 997 2541 d’Arras,
1023 2510 1038 2531 ‹
1061 2510 1072 2533 1
1099 2497 1191 2544 drap
1221 2497 1266 2533 de
1296 2497 1412 2532 haute
1441 2497 1541 2533 liche
1571 2497 1616 2533 de

213 2569 228 2590 ‹
253 2555 421 2604 l‘ystoire
442 2556 487 2592 de
509 2557 545 2592 la
564 2556 719 2593 hataille
739 2556 785 2592 de
802 2557 1026 2605 Rozebeg...
1046 2570 1062 2590 »
1077 2556 1143 2604 qui
1163 2556 1217 2592 lui
1240 2558 1352 2593 conta
1373 2555 1479 2600 3,300
1500 2555 1617 2592 livres

213 2616 471 2662 (Bibliotheque
490 2617 531 2651 de
552 2607 679 2652 l'E‘cole
698 2618 756 2653 des
776 2619 932 2662 chartas,
953 2621 982 2652 t.
1003 2616 1078 2663 XI,
1101 2617 1226 2653 annee
1256 2616 1474 2659 1849-1850,
1495 2616 1617 2651 Νοιίεε

211 2687 278 2712 sur
296 2688 349 2713 un
368 2680 510 2713 volume
530 2678 571 2712 de
591 2681 743 2723 comptas
762 2679 820 2713 des
840 2679 928 2713 duos
947 2678 988 2713 de
1010 2678 1232 2723 Bourqoyne,
1255 2675 1382 2723 publie
1408 2686 1477 2722 par
1496 2674 1548 2710 M.
1571 2673 1617 2711 de

212 2734 399 2780 Laborde‚
422 2747 458 2784 p.
481 2735 578 2779 241).
