1941 3294
207 274 311 321 1383]
471 277 839 310 GHRONOGRAPHIA
864 277 1017 310 REGUM
1040 277 1319 310 FRANCORUM.
1557 276 1600 312 55

204 356 297 405 duo
323 355 578 404 marescalli
602 354 870 403 nitebantur
895 372 976 403 eos
1001 356 1305 412 concordare,
1333 356 1423 419 ipsi
1447 363 1603 406 autem

201 432 391 479 minime
433 435 769 478 consenserunt
806 431 904 487 eis;
949 431 1106 495 pluvia
1149 447 1350 494 namque
1393 432 1601 480 nondum

201 513 400 565 cessata,
438 523 523 555 rex
558 506 665 554 fecit
699 507 900 556 clamare
937 507 1064 571 quod
1100 507 1189 570 ipsi
1228 508 1432 555 facerent
1467 525 1604 557 suum

201 585 411 633 debitum
441 603 450 632 z
478 600 677 647 cumque
708 584 797 648 ipsi
831 585 1016 641 milites,
1045 600 1151 632 cum
1183 584 1354 631 lanceis
1378 584 1426 631 in
1456 586 1604 633 mani-

201 662 306 719 bus,
341 661 437 726 jam
471 677 680 724 pugnare
717 662 867 723 parati
904 666 1086 717 essent,
1123 660 1299 708 dietum
1337 665 1408 707 est
1445 661 1511 708 eis
1546 678 1604 709 ex

199 744 335 801 parte
367 738 492 802 regis
526 743 579 784 ut
611 737 895 784 cessarent1.
931 737 1105 784 Deinde
1138 737 1252 799 ipsis
1286 738 1599 794 concordatis,

199 832 284 862 rex
318 831 487 878 magna
521 814 644 861 dona
681 813 874 861 contulit
911 814 977 860 eis
1012 819 1057 861 et
1095 813 1358 877 specialiter
1390 814 1600 877 Anglico,

199 906 339 954 quem
365 890 511 937 eciam
536 888 594 936 ad
620 889 862 952 propriam
888 905 1098 937 mensam
1123 889 1355 952 prandere
1380 889 1505 937 fecit.

262 969 319 1013 Et
334 981 551 1029 egressus
566 965 624 1013 de
638 965 846 1021 Francia,
862 965 971 1013 abiit
983 966 1217 1013 Kalesium
1237 982 1323 1028 per
1339 967 1602 1024 Lucetqu,

198 1042 278 1090 uhi
295 1047 512 1105 presente
529 1041 764 1088 comitissa
780 1041 929 1089 Sancti
945 1041 1086 1097 Pauli,
1105 1057 1267 1087 sorore
1283 1041 1408 1105 regis
1422 1042 1602 1106 Anglie,

199 1117 331 1180 quasi
356 1116 613 1181 jactitando
649 1116 767 1163 dixit
797 1116 924 1179 quod
956 1116 1003 1163 in
1029 1117 1219 1164 Francia
1244 1133 1339 1164 non
1363 1117 1608 1164 invenerat

198 1208 483 1255 quemquam
509 1192 588 1254 qui
613 1191 836 1239 voluisset
861 1191 1158 1239 hastiludiare
1191 1198 1352 1239 contra
1387 1209 1494 1239 eum
1523 1192 1607 1239 tri-

197 1268 286 1316 bus
311 1268 490 1316 vicibus
514 1268 684 1316 lanceis
711 1269 894 1316 ferratis
918 1274 966 1315 et
987 1268 1260 1315 acuminatis
1287 1285 1369 1316 seu
1396 1268 1604 1331 quodam

196 1345 320 1393 aliud
347 1345 518 1392 factum
546 1361 787 1392 armorum
813 1344 941 1408 quod
968 1350 1129 1392 contra
1156 1361 1205 1392 se
1231 1345 1333 1392 fieri
1361 1346 1603 1408 poscebat.

197 1423 279 1472 Cui
321 1422 565 1485 respondit
605 1421 820 1469 dominus
857 1421 916 1468 de
952 1421 1100 1470 Clari3
1140 1423 1219 1484 qui
1260 1423 1440 1470 astabat
1478 1423 1606 1486 quod

245 1574 277 1609 1.
300 1573 354 1609 Le
376 1572 419 1609 10
436 1571 576 1619 Juillet,
599 1571 635 1608 la
655 1571 844 1609 duchesse
864 1571 910 1607 de
930 1571 1165 1619 Bourgogne
1186 1572 1289 1608 avait
1315 1572 1383 1608 fait
1411 1572 1508 1609 faire
1539 1573 1606 1609 des

196 1632 344 1680 prieres
373 1642 469 1679 pour
498 1631 533 1666 le
561 1632 697 1668 succes
718 1630 763 1667 de
785 1631 872 1678 Guy
892 1631 938 1666 de
959 1630 995 1667 la
1015 1631 1248 1668 Tremouille
1269 1632 1329 1677 (E.
1354 1631 1469 1677 Petit,
1492 1633 1606 1668 Itine'-

198 1694 315 1728 raires
330 1692 371 1726 de
390 1691 555 1736 Philippo
576 1693 606 1726 le
625 1691 746 1726 Hardi
765 1693 797 1725 et
817 1691 858 1725 de
877 1691 966 1725 Jean
981 1689 1206 1733 Sans-Peur,
1225 1691 1313 1726 dues
1326 1691 1368 1726 de
1382 1692 1603 1736 Bourqoyne,

196 1762 233 1798 p.
252 1750 347 1793 516).
364 1750 420 1785 De
436 1760 507 1785 son
523 1749 621 1794 cote,
637 1748 671 1784 le
685 1748 758 1784 duc
778 1749 820 1784 fit
838 1748 913 1784 don
929 1749 974 1785 de
989 1749 1055 1785 150
1071 1749 1187 1785 livres
1203 1749 1224 1784 a
1238 1749 1431 1796 plusieurs
1446 1750 1606 1786 berauts

197 1807 466 1856 d'Angleterre
487 1818 583 1854 pour
602 1807 708 1843 avoir
729 1807 867 1843 assiste
891 1820 907 1841 «
930 1818 979 1842 au
1000 1808 1140 1854 champ
1160 1818 1209 1843 ou
1231 1818 1326 1855 gage
1347 1807 1392 1843 de
1414 1808 1571 1845 bataille
1588 1823 1604 1842 »

196 1868 330 1911 {Ibid.).
353 1866 385 1902 Il
405 1866 586 1913 sejourna
605 1865 800 1902 d’ailleurs
823 1866 845 1901 a
866 1865 976 1902 Paris
997 1865 1047 1901 du
1067 1867 1086 1901 ’ἵ
1106 1866 1232 1914 juillet
1255 1877 1303 1902 au
1325 1867 1345 1903 ‘2
1370 1868 1461 1903 aout
1483 1868 1605 1913 (mica,

196 1937 232 1973 p.
253 1925 348 1971 159).

241 1985 276 2021 2.
300 1984 498 2028 Lueheux,
519 1983 690 2029 Somme,
709 1983 1041 2019 arrondissement
1062 1988 1099 2018 et
1120 1988 1264 2019 canton
1283 1983 1329 2020 de
1354 1983 1558 2020 Doullens.

242 2043 274 2080 3.
298 2042 497 2079 plusieurs
517 2052 778 2089 personnages
799 2042 992 2088 portaient
1015 2053 1058 2078 ce
1079 2053 1184 2078 nom.
1211 2041 1271 2078 On
1293 2047 1429 2079 trouve
1449 2055 1455 2078 :
1480 2042 1607 2079 Colart

195 2102 240 2138 de
262 2101 391 2148 Clary,
412 2101 466 2137 dit
486 2101 649 2146 Griffon,
664 2112 711 2137 en
730 2100 839 2145 13723
854 2100 954 2137 Jean
975 2100 1020 2136 de
1042 2100 1170 2149 Clary,
1188 2101 1243 2136 dit
1263 2101 1400 2148 Morel,
1423 2112 1473 2137 en
1495 2102 1604 2144 1384;

196 2161 317 2198 Gilles
337 2159 383 2196 de
404 2159 519 2207 Clary
533 2160 555 2196 a
569 2160 605 2195 la
625 2160 752 2196 meme
772 2159 859 2196 date
881 2165 918 2196 et
937 2159 1036 2196 Jean
1057 2159 1102 2196 de
1122 2159 1250 2207 Clary,
1266 2160 1321 2196 dit
1342 2160 1541 2206 Lancelot,
1559 2171 1607 2196 en

199 2219 287 2256 1390
309 2217 422 2261 (Bibl.
446 2223 541 2260 nat„
563 2218 704 2254 Tresor
730 2218 1008 2265 genealogique
1039 2217 1085 2254 de
1105 2218 1153 2254 D.
1177 2218 1426 2265 Villevieille,
1449 2219 1523 2255 vol.
1546 2219 1605 2264 ⁵29,

198 2277 261 2314 fol.
286 2277 351 2313 104
374 2282 437 2321 v0).
461 2275 564 2312 C’est
589 2276 679 2312 bien
707 2277 808 2312 ainsi
833 2276 926 2324 qu’il
947 2277 1027 2313 faut
1048 2277 1170 2313 ecrire
1193 2287 1234 2313 ce
1255 2287 1362 2323 nom,
1383 2282 1420 2313 et
1441 2288 1519 2313 non
1540 2288 1607 2324 pas

200 2350 215 2369 «
239 2335 418 2371 dominus
439 2334 485 2370 de
506 2334 689 2381 Cleriaco,
714 2349 729 2369 n
753 2346 846 2372 avec
866 2336 901 2372 le
922 2336 1130 2382 Religieux
1150 2336 1195 2371 de
1218 2336 1490 2383 Saint-Denys
1512 2338 1552 2379 (t.
1575 2336 1606 2382 Ι,

197 2407 232 2442 p.
257 2395 351 2437 396).
375 2393 565 2430 Froissart
594 2399 771 2441 rapporte
791 2405 866 2441 que
886 2395 921 2431 le
944 2394 1019 2430 sire
1040 2394 1086 2431 de
1107 2395 1221 2442 Clary
1243 2395 1347 2431 avait
1376 2396 1435 2431 ete
1465 2395 1606 2441 charge

197 2454 403 2490 d'escorter
431 2453 466 2488 le
499 2452 573 2487 sire
603 2452 648 2488 de
677 2452 896 2500 Courtenay
921 2453 1101 2501 jusqu’en
1130 2453 1324 2490 territoire
1354 2453 1504 2501 anglais
1532 2453 1603 2498 (ed.

197 2513 357 2558 Kervyn
375 2511 421 2547 de
442 2510 695 2555 Lettenhove,
716 2517 744 2547 t.
768 2511 879 2555 XIV,
895 2523 931 2558 p.
956 2512 1029 2555 47).
1047 2512 1134 2549 Une
1155 2511 1331 2548 variante
1351 2511 1396 2548 de
1417 2511 1608 2548 Froissart

199 2570 239 2613 (t.
267 2568 321 2614 X,
350 2580 384 2615 p.
418 2568 498 2611 227)
535 2573 682 2614 permet
714 2567 759 2604 de
793 2580 977 2615 supposer
1009 2569 1101 2617 qu'il
1135 2569 1264 2616 s'agit,
1297 2569 1394 2605 dans
1426 2569 1605 2616 l‘e'pisode

198 2627 356 2663 raconte
376 2626 442 2673 ici,
463 2626 508 2662 de
530 2626 715 2663 Lancelot
735 2627 780 2663 de
801 2627 928 2674 Clary.
951 2628 1113 2674 D’apres
1135 2628 1325 2664 Froissart
1348 2628 1385 2668 (t.
1404 2627 1457 2671 X,
1479 2639 1514 2674 p.
1531 2627 1605 2674 49),

200 2684 234 2721 le
256 2685 330 2722 sire
352 2685 398 2721 de
420 2685 549 2732 Clary,
572 2685 660 2722 d’un
684 2697 780 2733 coup
801 2685 846 2723 de
866 2697 938 2723 son
959 2686 1099 2734 glaive,
1121 2686 1249 2724 blessa
1276 2686 1514 2733 grievement
1535 2698 1604 2723 son

203 2743 434 2781 adversaire.
