1941 3294
345 337 388 373 54
622 341 991 373 CHRONOGRAPHIA
1015 340 1168 372 REGUM
1190 339 1468 372 FRANCORUM.
1631 337 1735 383 [1383

344 435 583 467 armorum
602 419 835 466 consuetis
851 419 917 466 uti
935 417 1075 464 armis
1091 424 1138 465 et
1154 419 1284 480 sequi
1300 434 1510 482 guerras,
1526 424 1577 466 ut
1589 420 1738 481 parati

344 502 498 543 essent
517 495 904 558 quandocumque
925 510 1009 540 rex
1028 509 1109 540 eos
1128 493 1413 541 mandaret¹.

407 575 623 619 Preterea
649 571 837 633 quidam
865 569 996 616 miles
1019 568 1253 632 Anglicus‚
1281 570 1467 616 nomine
1492 572 1656 618 Petrus
1681 571 1739 618 de

343 650 619 711 Cortenayo,
643 646 816 709 pluries
838 644 1080 707 requisivit
1099 644 1282 692 cuidam
1303 646 1434 692 militi
1454 645 1511 692 de
1528 646 1736 704 Francia,

342 722 528 770 nomine
563 722 760 771 Guidoni
791 721 849 768 de
881 721 923 767 la
948 720 1197 768 Trimoulla
1230 721 1309 784 qui
1341 721 1475 768 valde
1499 738 1527 768 a
1550 722 1740 770 domino

341 799 607 862 Burgundio
643 797 937 861 diligebatur,
973 802 1024 843 ut
1056 813 1162 843 cum
1196 813 1252 844 eo
1289 797 1492 844 duellum
1531 799 1740 845 mortalle

341 875 654 922 committeret
679 890 838 921 coram
871 889 983 936 rege
1008 873 1199 921 Francie
1224 874 1297 920 vel
1322 874 1484 937 Anglie
1514 880 1593 921 aut
1623 873 1740 922 duce

339 950 590 997 Brabancie
622 950 695 996 vel
731 949 899 996 comite
930 948 1158 996 Flandrie.
1190 952 1288 1007 Quo
1320 949 1486 996 eodem
1519 966 1741 997 concesso

339 1026 441 1073 fieri
466 1026 655 1082 debere,
684 1042 843 1072 coram
867 1041 978 1089 rege
1002 1025 1192 1073 Francie
1217 1041 1324 1073 cum
1349 1026 1561 1089 plurimis
1585 1027 1741 1091 Angli-

339 1102 404 1149 cis
429 1102 555 1149 venit
578 1101 826 1148 parisius2.

402 1178 617 1225 Finaliter
649 1178 764 1241 xiiija
788 1177 863 1225 die
897 1177 1008 1241 jullii
1043 1177 1252 1241 ejusdem
1286 1178 1410 1234 anni,
1439 1194 1598 1225 coram
1631 1195 1741 1243 rege

337 1255 543 1310 Francie‚
573 1254 869 1317 presentibus
901 1253 1098 1301 ducibus
1132 1254 1372 1301 avunculis
1403 1254 1503 1318 ejus
1529 1254 1609 1317 qui
1634 1271 1741 1302 cum

337 1348 392 1378 eo
418 1338 566 1387 erant,
598 1330 769 1378 scilicet
794 1330 985 1383 Biturie‚
1013 1330 1282 1394 Burgundie
1313 1335 1359 1377 et
1383 1330 1605 1378 Borbonii
1635 1347 1742 1379 cum

336 1408 504 1455 comite
543 1408 684 1471 Augi‚
728 1406 1096 1454 conestabulario
1137 1407 1195 1454 de
1234 1407 1436 1465 Cliconio
1473 1413 1518 1454 et
1558 1407 1742 1455 duobus

336 1483 617 1530 marescallis
660 1482 850 1530 Francie
896 1488 941 1529 et
985 1498 1091 1529 cum
1140 1482 1354 1545 pluribus
1403 1483 1652 1531 comitibus
1696 1489 1742 1531 et

336 1559 647 1623 magnatibus,
678 1564 1041 1622 comparuerunt
1066 1575 1185 1606 unus
1210 1566 1317 1622 post
1341 1559 1482 1607 alium
1510 1560 1621 1607 dicti
1647 1560 1740 1608 duo

335 1635 504 1682 milites
540 1634 746 1682 duellum
785 1634 1079 1681 commissuri
1119 1634 1249 1697 quasi
1287 1635 1400 1682 hora
1436 1635 1690 1682 meridiana
1727 1653 1736 1682 :

335 1728 427 1774 qua
452 1711 527 1758 die
553 1728 578 1758 a
603 1727 738 1757 mane
766 1727 912 1773 usque
938 1717 1049 1757 tunc
1075 1710 1274 1774 pluerat.

398 1791 601 1834 Intrante
621 1792 776 1834 autem
793 1786 1001 1835 Guidone
1018 1786 1076 1834 de
1093 1786 1135 1833 la
1155 1786 1401 1834 Trimoulla
1418 1787 1464 1833 in
1482 1787 1634 1834 locum
1651 1803 1741 1851 pro

335 1863 488 1910 duello
508 1868 735 1926 aptatum,
764 1868 892 1909 retro
913 1862 1247 1910 monasterium
1263 1863 1413 1910 Sancti
1441 1863 1657 1911 Germani
1683 1863 1742 1911 de

334 1939 499 1995 Pratis‚
523 1955 688 1986 versus
708 1945 896 2001 portam
915 1939 1244 2001 posteriorem,
1269 1938 1472 1985 maxima
1499 1939 1742 1987 descendit

334 2016 488 2078 pluvia
503 2031 595 2077 quc
611 2015 754 2062 trium
770 2016 992 2062 horarum
1012 2014 1168 2077 spacio
1184 2014 1385 2061 duravit.
1408 2017 1501 2072 Qua
1519 2015 1734 2073 durante,

383 2156 416 2190 1.
438 2154 491 2190 Le
520 2153 726 2200 Religieux
753 2153 799 2189 (16
831 2153 1102 2200 Saint-Denys
1124 2154 1162 2199 (t.
1186 2154 1218 2198 Ι,
1240 2165 1275 2200 p.
1299 2153 1380 2199 26⁶2)
1402 2164 1450 2190 va
1475 2153 1629 2201 jusqu’a.
1658 2154 1740 2190 dire

334 2223 421 2260 que,
441 2223 510 2258 par
530 2222 606 2247 une
625 2211 887 2256 ordonnance,
915 2225 931 2245 «
956 2222 1091 2248 omnes
1113 2211 1297 2248 feodati...
1322 2211 1556 2257 expeditioni
1577 2222 1617 2248 se
1638 2216 1740 2258 apta-

337 2283 352 2304 «
382 2276 468 2306 rent
482 2298 491 2316 ,
532 2269 803 2306 recusantibus
847 2269 948 2305 feodi
987 2269 1128 2316 integri
1173 2268 1452 2315 redempcionis
1497 2268 1741 2315 superaddita

338 2341 352 2361 α
376 2328 510 2364 multa.
530 2341 545 2361 »
564 2327 723 2374 D’apres
743 2327 934 2364 Froissart
956 2329 995 2373 (t.
1013 2327 1065 2371 X,
1084 2338 1119 2374 p.
1143 2327 1239 2374 236),
1256 2328 1290 2363 16
1311 2327 1568 2364 rendez-vous
1588 2327 1645 2364 fut
1664 2327 1739 2363 fixe

336 2386 358 2421 ἐι
375 2386 622 2433 Compiegne.

383 2445 416 2482 ἱ).
439 2445 491 2481 Le
512 2445 716 2491 Religieux
741 2444 787 2480 de
814 2443 1082 2490 Saint-Denys
1105 2446 1143 2489 (t.
1166 2444 1197 2489 I,
1219 2454 1255 2490 p.
1280 2444 1360 2489 392)
1381 2444 1490 2490 place
1511 2454 1554 2479 ce
1575 2443 1663 2480 duel
1689 2454 1738 2479 au

335 2503 434 2540 mois
454 2503 644 2540 d'octobre
666 2503 773 2545 1385;
797 2503 881 2538 rien
907 2502 1005 2538 n'est
1035 2503 1118 2549 plus
1147 2502 1316 2549 inexact,
1339 2507 1376 2538 et
1402 2503 1439 2538 la
1457 2504 1580 2538 Partie
1605 2503 1739 2538 inedita

336 2564 393 2597 des
422 2563 637 2606 chrom‘ques
666 2563 706 2596 de
732 2562 972 2597 Saint-Dem's
1000 2569 1045 2607 (p.
1077 2561 1149 2606 38),
1182 2562 1247 2608 qui
1274 2561 1459 2597 confirmo
1485 2566 1594 2597 notre
1620 2565 1736 2606 texte,

336 2620 504 2667 apprend
527 2631 575 2656 en
597 2626 704 2656 outre
726 2632 799 2667 que
821 2621 952 2656 pierre
972 2620 1017 2656 de
1034 2620 1253 2666 Courtenay
1269 2621 1396 2656 arriva
1409 2621 1430 2656 a
1446 2621 1555 2656 Paris
1572 2621 1604 2655 le
1618 2620 1638 2655 6
1651 2619 1738 2667 juil-

338 2680 388 2715 let
406 2680 493 2716 1383
514 2686 552 2716 et
572 2680 663 2727 qu'il
683 2679 757 2715 alla
777 2680 903 2716 saluer
923 2679 957 2715 16
977 2679 1033 2715 roi
1054 2690 1101 2714 au
1122 2680 1243 2725 palais
1264 2680 1298 2715 le
1313 2680 1334 2716 8
1353 2679 1495 2725 juillet;
1513 2678 1658 2725 malgre
1673 2689 1737 2715 ces

338 2739 484 2785 details,
506 2740 541 2775 16
563 2745 663 2775 resto
679 2739 724 2775 de
746 2749 788 2774 sa
808 2738 973 2775 relation
994 2744 1050 2775 est
1071 2738 1160 2774 bien
1181 2739 1404 2785 incomplet.
