1941 3294
354 336 420 372 170
623 340 990 372 CHRONOGRAPHIA
1014 338 1165 370 REGUM
1189 338 1466 370 FRANCORUM.
1637 336 1740 382 [1399

350 416 514 480 majori
551 415 766 472 scabinis,
809 413 1074 462 consulibus
1109 419 1246 477 atque
1282 414 1603 462 communitati
1636 432 1742 477 pre-

348 498 541 549 sentata,
557 492 801 554 requirens
818 491 882 538 eis
900 496 950 538 ut
967 489 1055 537 sibi
1072 496 1259 553 pactum
1275 491 1442 538 inirent
1461 497 1506 537 et
1522 491 1742 539 auxilium

347 569 628 615 conferrent.
656 567 788 625 Quod
820 566 1010 629 quidem
1042 573 1301 614 annuerunt
1326 567 1367 613 ei
1399 566 1552 613 animo
1583 566 1742 614 libenti

349 645 456 706 quia
490 660 650 707 regem
684 643 925 690 dominum
958 657 1093 688 suum
1127 642 1359 689 habebant
1393 642 1487 706 jam
1525 658 1739 699 exosum,

348 720 568 783 quoniam
593 720 843 782 quamdam
871 717 1195 765 exhactionem
1222 735 1307 781 per
1333 718 1525 765 modum
1551 717 1744 766 subsidii

348 813 496 859 nuper
520 796 806 858 imposuerat
826 810 967 856 super
986 810 1067 841 eos
1087 799 1133 841 et
1158 794 1270 841 alios
1302 794 1360 841 de
1386 810 1530 858 regno
1553 795 1669 858 ejuS,
1698 801 1746 842 et

347 888 450 918 eam
489 871 706 935 regaliter
744 869 963 932 exigebat
1002 869 1060 916 ab
1098 870 1459 932 uniuscujusque
1503 870 1652 933 capite
1692 887 1745 918 ac

346 949 535 1004 fecerat,
566 953 615 994 ut
642 946 873 1001 dicebant,
902 945 1047 1009 sigilla
1073 947 1384 1008 quarumdam
1405 947 1632 994 bonarum
1660 947 1745 994 vil-

345 1024 495 1071 larum
538 1039 619 1070 seu
660 1021 932 1069 earumdem
972 1022 1277 1087 burgencium
1321 1024 1615 1087 pergamenis
1652 1040 1744 1071 non

347 1100 533 1162 scriptis
558 1099 749 1161 apponi.

410 1178 524 1224 Cum
552 1175 693 1239 igitur
712 1174 890 1222 invasio
921 1174 1131 1238 ejusdem
1153 1175 1360 1222 Henrrici
1389 1175 1489 1239 regi
1514 1175 1745 1223 Richardo

346 1251 557 1298 nunciata
579 1251 756 1307 fuisset,
786 1251 913 1298 omni
938 1256 1119 1297 remoto
1145 1250 1377 1298 dilationis
1401 1251 1661 1308 obstaculo,
1686 1251 1745 1299 de

345 1327 560 1375 Hibernia
581 1328 627 1374 in
654 1327 863 1391 Angliam
890 1327 1208 1375 transfretavit
1229 1334 1275 1374 et
1291 1327 1337 1374 in
1361 1328 1571 1376 Walliam
1597 1328 1746 1391 appli-

345 1421 472 1461 cans,
501 1405 560 1452 ad
593 1411 798 1451 castrum
829 1403 955 1467 quod
983 1404 1151 1451 dicitur
1185 1403 1380 1451 Elstam¹
1411 1404 1642 1466 pervenit.
1677 1404 1746 1451 Ibi

345 1498 546 1544 namque
577 1481 753 1529 dictum
781 1481 1056 1528 Henrricum
1092 1497 1267 1528 novum
1298 1481 1465 1528 ducem
1495 1481 1746 1530 Lincastrie

345 1558 391 1604 in
424 1558 522 1621 ejus
554 1557 808 1620 perniciem
836 1564 998 1620 aperte
1029 1558 1369 1604 machinantem
1401 1573 1507 1604 cum
1542 1558 1746 1605 maxima

344 1641 478 1697 parte
504 1634 747 1690 nobilium,
771 1634 850 1696 qui
873 1634 967 1698 jam
988 1650 1095 1680 eum
1121 1633 1405 1696 reliquerant
1424 1639 1471 1680 et
1492 1633 1616 1681 dicto
1638 1634 1745 1682 duci

344 1711 561 1758 favebant
586 1716 632 1757 et
660 1710 869 1757 omnium
896 1710 1282 1758 communitatum
1313 1710 1411 1757 fere
1438 1710 1582 1758 totius
1613 1711 1746 1775 regni

343 1787 520 1851 Anglici
545 1787 732 1834 obviam
759 1803 871 1833 mox
898 1786 1076 1843 habuit,
1101 1786 1181 1849 qui
1200 1802 1308 1834 eum
1327 1786 1386 1834 de
1406 1786 1529 1834 facto
1552 1787 1675 1851 cepit
1698 1793 1745 1835 et

342 1865 537 1912 adduxit
557 1865 832 1912 Londoniis2
852 1881 905 1912 ac
925 1865 970 1911 in
992 1871 1122 1912 turre
1149 1864 1359 1929 ejusdem
1381 1864 1512 1912 urbis
1537 1864 1745 1912 incarce-

343 1940 462 1987 ravit
482 1940 639 2003 paucis
661 1940 864 2004 Anglicis
883 1941 961 2003 qui
991 1956 1149 1987 secum
1173 1946 1494 1988 remanserant
1513 1940 1678 1988 occisis
1698 1946 1745 1987 et

342 2017 546 2074 Francis,
584 2016 755 2064 scilicet
795 2019 933 2063 Petro
971 2016 1029 2063 de
1064 2018 1240 2064 Craone
1281 2022 1327 2063 et
1361 2017 1610 2073 Anthonio,
1649 2017 1744 2064 filio

343 2092 458 2155 ejus,
506 2091 745 2147 militibus,
790 2108 897 2139 cum
940 2092 1220 2154 quibusdam
1263 2092 1364 2139 aliis
1400 2109 1426 2139 a
1467 2092 1743 2140 communiis

341 2168 609 2232 depredatis
635 2174 680 2215 et
706 2168 923 2215 omnibus
949 2168 1091 2216 rebus
1115 2168 1211 2216 suis
1234 2168 1490 2232 spoliatis3.

407 2248 570 2292 Postea
600 2261 817 2307 namque,
852 2244 1069 2292 videlicet
1101 2246 1251 2308 prima
1286 2245 1360 2293 die
1391 2245 1597 2292 octobris
1623 2246 1744 2309 ejus-

342 2321 450 2368 dem
482 2321 588 2367 anni
620 2320 804 2384 prefati,
838 2320 1015 2384 proprii
1049 2320 1225 2368 domini
1257 2321 1542 2379 detentores,
1571 2322 1744 2369 scilicet

343 2397 438 2445 dux
475 2397 741 2454 Henrricus,
783 2397 931 2461 major
962 2403 1008 2444 et
1043 2398 1217 2445 scabini
1253 2398 1599 2447 Londoniarum
1636 2414 1743 2446 cum

392 2560 425 2595 1.
446 2558 616 2595 Eitham.

391 2617 424 2653 2.
449 2617 468 2654 3
490 2617 705 2664 septembre
726 2616 829 2654 1399.

393 2676 424 2712 3.
449 2676 504 2712 La
527 2677 754 2721 Ghronicque
773 2677 815 2711 de
836 2678 872 2712 la
898 2678 1042 2712 tra'ison
1065 2681 1096 2712 et
1120 2681 1214 2712 mort
1240 2678 1281 2712 de
1307 2678 1458 2714 Riclzart
1480 2679 1575 2713 deum
1599 2689 1647 2713 ne
1674 2677 1742 2713 fait

346 2736 450 2772 nulle
470 2736 635 2773 allusion
650 2736 672 2772 a
688 2735 819 2771 Pierre
840 2735 887 2771 de
907 2735 1032 2771 Craon
1054 2735 1094 2771 ni
1114 2735 1135 2771 a
1157 2747 1225 2772 son
1247 2736 1328 2783 fils3
1350 2736 1497 2783 d'apres
1517 2736 1588 2772 elle
1610 2736 1742 2773 Pierre

345 2794 390 2830 de
413 2795 538 2831 Craon
558 2795 651 2831 etait
672 2793 767 2830 dans
788 2794 822 2831 le
842 2794 940 2841 parti
960 2794 1009 2831 du
1031 2794 1105 2831 duc
1126 2794 1350 2832 d’Hereford
1371 2796 1492 2841 (Ibat,
1516 2806 1551 2842 p.
1573 2795 1669 2841 290).
