1941 3294
180 286 283 333 1398]
457 290 825 323 CHRONOGRAPHIA
850 290 1001 322 REGUM
1024 288 1304 321 FRANCORUM.
1511 286 1576 322 167

179 367 238 415 de
277 366 477 415 Parisius
516 365 726 429 perrexit
765 366 948 413 Remis1
991 381 1099 413 cum
1137 381 1248 429 rege
1286 367 1491 412 Navarre
1532 372 1579 413 et

179 443 375 491 ducibus
416 442 611 498 Biturie,
652 440 994 491 Aurelianensis
1034 447 1080 490 et
1117 442 1349 490 Borbonie
1391 448 1438 488 et
1481 441 1579 489 aliis

178 519 551 583 quamplurimis,
575 518 694 566 duce
718 520 985 584 Burgundie
1010 518 1134 583 apud
1161 518 1432 566 Gandavum
1458 518 1581 566 exis-

178 603 304 644 tente
338 613 536 644 unacum
573 595 668 642 filio
701 612 803 652 suc,
843 613 993 660 nuper
1032 596 1090 643 de
1128 595 1329 658 Turquia
1365 611 1576 652 reverso,

178 689 318 736 quem
344 673 542 720 duxerat
561 671 619 719 ad
640 672 902 737 Flamingos
922 673 981 720 ad
1000 689 1163 720 eorum
1188 676 1473 735 requestam,
1497 687 1580 719 seu

178 766 315 797 causa
340 754 550 812 questus,
577 754 628 796 ut
653 749 802 796 fertur
826 767 852 796 a
879 749 1205 812 quibusdam2.

243 829 369 874 Tunc
411 825 538 872 venit
581 825 739 873 Remis
788 826 999 889 prefatus
1040 842 1127 873 rex
1172 825 1359 873 Boemie
1408 825 1583 873 electus

177 901 364 965 Imperii
384 918 491 949 cum
514 901 626 955 suis,
648 908 695 949 et
714 901 755 949 ei
782 901 970 949 obviam
990 902 1086 950 dux
1111 901 1453 949 Aurelianensis
1471 901 1584 950 exiit

178 994 325 1041 usque
345 978 403 1025 ad
423 984 614 1041 pontem
636 978 694 1025 de
711 980 1029 1027 Montesone3.
1053 982 1155 1027 Jarn
1175 985 1332 1026 autem
1352 995 1409 1026 eo
1426 979 1584 1028 Remis

175 1053 608 1117 appropinquante,
659 1070 746 1100 rex
793 1054 983 1101 Francie
1021 1059 1068 1101 et
1105 1071 1191 1102 rex
1232 1057 1437 1101 Navarre
1476 1072 1584 1102 cum

177 1129 372 1193 prefatis
392 1129 590 1177 ducibus
611 1130 827 1178 exierunt
847 1130 1051 1185 obviam,
1076 1130 1450 1193 intrantibusque
1469 1131 1584 1195 ipsis

176 1206 394 1253 omnibus
430 1207 477 1253 in
516 1206 767 1262 civitatem,
809 1224 893 1254 rex
931 1206 1119 1254 Boemie
1157 1212 1258 1254 erat
1293 1208 1340 1254 in
1378 1208 1580 1264 medio⁴‚

177 1299 288 1347 rege
312 1283 504 1330 Francie
529 1300 554 1329 a
573 1282 754 1330 dextris
780 1289 827 1330 et
847 1299 959 1347 rege
984 1286 1188 1330 Navarre
1213 1301 1239 1330 a
1266 1283 1466 1331 sinistris
1485 1283 1585 1348 ejus

176 1359 523 1415 incedentibus;
569 1359 840 1422 locatusque
888 1366 961 1407 est
1007 1359 1052 1406 in
1103 1361 1387 1407 monasterio
1431 1360 1584 1408 Sancti

176 1436 371 1500 Remigii
411 1441 455 1482 et
492 1436 563 1483 sui
598 1453 762 1483 omnes
804 1436 1103 1484 circumcirca
1144 1437 1280 1484 locati
1317 1443 1442 1485 sunt.
1484 1440 1584 1485 Rex

176 1528 290 1560 vero
325 1512 516 1560 Francie
551 1513 597 1559 in
633 1513 809 1576 palacio
845 1520 946 1560 erat
983 1513 1178 1561 locatus.
1219 1517 1357 1561 Facto
1393 1531 1583 1577 quoque

175 1589 297 1636 inter
321 1605 403 1636 eos
429 1589 660 1653 colloquio
684 1607 773 1637 una
799 1596 932 1652 parte
958 1596 1087 1647 nme,
1116 1590 1345 1638 remeavit
1364 1591 1438 1637 ille
1464 1591 1584 1638 elec-

177 1671 252 1713 tus
277 1666 483 1729 Imperii,
507 1666 716 1729 prefatus
740 1682 826 1713 rex
850 1667 1053 1721 Boemie,
1079 1667 1154 1714 via
1180 1683 1272 1730 qua
1298 1673 1507 1723 venerat,
1537 1667 1584 1713 in

175 1740 451 1797 Almaniam‚
486 1747 532 1788 et
562 1757 698 1805 reges
730 1742 922 1790 Francie
948 1748 995 1789 et
1025 1746 1232 1791 Navarre
1254 1759 1362 1791 cum
1387 1742 1581 1806 prefatis

176 1818 373 1866 ducibus
399 1818 446 1865 in
467 1818 706 1866 Franciam
721 1821 755 1866 5.

223 1994 257 2030 1.
277 1992 435 2029 charles
456 1993 513 2030 VI
533 1998 644 2030 entra
663 1993 685 2029 a
706 1992 841 2030 Reims
861 1993 896 2029 le
917 1992 961 2029 22
982 2003 1085 2029 mars
1107 1993 1197 2030 1398
1220 1997 1270 2039 (n.
1295 1996 1373 2041 st.).

221 2052 256 2089 2.
279 2052 339 2088 En
357 2052 460 2098 effet,
482 2052 535 2089 les
556 2054 773 2088 Itineraires
793 2053 833 2088 de
853 2053 1020 2098 Philippo
1041 2055 1071 2088 le
1093 2053 1213 2088 Hardi
1238 2057 1271 2089 et
1296 2055 1337 2089 de
1355 2055 1447 2090 Jean
1467 2055 1583 2091 Sans-

178 2114 281 2152 Peur,
304 2112 391 2147 duos
404 2112 445 2146 de
460 2113 682 2157 Bouryoyne,
703 2111 854 2158 publies
869 2122 938 2157 par
951 2111 1004 2147 M.
1027 2111 1069 2147 E.
1088 2111 1204 2158 Petit,
1222 2112 1417 2158 signalent
1439 2113 1474 2148 la
1494 2115 1581 2160 pre-

176 2180 292 2206 sence
313 2169 362 2205 du
384 2169 457 2206 duc
477 2169 523 2206 de
542 2169 772 2217 Bourgogne
794 2181 842 2206 en
861 2169 1027 2206 Flandre
1047 2169 1181 2217 depuis
1202 2170 1238 2206 la
1253 2171 1306 2206 fin
1320 2170 1366 2207 de
1379 2171 1582 2208 decembre

178 2228 266 2265 1397
284 2228 463 2275 jusqu'au
485 2228 584 2265 mois
605 2229 650 2265 de
670 2229 748 2265 mai
770 2229 860 2266 1398
883 2234 934 2273 (n.
952 2230 1014 2271 st.)
1039 2230 1087 2276 (p.
1104 2229 1173 2266 269
1194 2229 1216 2265 ἐι
1236 2229 1332 2274 274).
1351 2230 1403 2267 Le
1418 2231 1462 2267 22
1478 2243 1583 2268 mars

176 2292 430 2333 notamment‚
450 2288 486 2324 le
507 2294 632 2324 comte
653 2288 698 2324 de
718 2288 868 2324 Nevers
889 2288 974 2324 vint
995 2294 1197 2325 retrouver
1212 2299 1282 2325 son
1301 2290 1390 2336 pere
1412 2290 1433 2325 3
1455 2290 1580 2327 Gand.

223 2346 256 2383 3.
278 2347 311 2382 Il
337 2351 396 2383 est
415 2346 595 2393 probahle
615 2347 707 2395 qu’il
727 2347 808 2383 faut
833 2347 1003 2384 traduire
1033 2359 1077 2385 ce
1106 2359 1198 2384 nom
1226 2359 1296 2395 par
1326 2362 1342 2382 (ι
1365 2348 1400 2386 le
1420 2355 1514 2396 pont
1533 2350 1580 2387 de

176 2406 342 2442 Mouzon
364 2419 380 2440 ι
409 2411 446 2442 et
473 2416 551 2442 non
576 2417 644 2452 par
673 2419 688 2439 ‹
712 2406 1064 2443 Pont-a-Mousson
1086 2420 1102 2440 υ
1135 2407 1579 2453 (Meurthe-et-Moselle‚

174 2474 249 2499 arr.
272 2463 317 2499 de
338 2463 491 2510 Nancy,
513 2463 693 2500 chef-lieu
713 2463 758 2500 de
777 2471 910 2502 canu).

222 2522 256 2558 4.
279 2522 332 2558 Le
355 2522 410 2557 roi
431 2521 496 2557 des
518 2521 721 2569 Romains,
735 2522 985 2569 Wenceslas,
1002 2523 1130 2559 arriva
1144 2523 1179 2560 le
1200 2523 1239 2560 31
1264 2535 1367 2560 mars
1388 2524 1409 2560 3
1430 2524 1577 2562 Reims.

176 2581 228 2617 Le
250 2580 322 2617 duc
341 2580 556 2625 d’OrleanS‚
578 2581 643 2628 qui
664 2581 767 2617 avait
788 2583 847 2618 ete
869 2582 1078 2619 au-devant
1092 2583 1137 2619 de
1153 2583 1208 2619 lui
1225 2582 1378 2630 Jusqu’a
1398 2584 1580 2631 Mouzon,

176 2639 304 2676 l‘avait
326 2640 462 2676 amene
483 2650 531 2676 en
552 2646 709 2686 passant
730 2651 799 2687 par
826 2634 1007 2689 Epernay
1030 2642 1086 2684 (E.
1107 2642 1239 2689 Jarry,
1263 2645 1299 2678 la
1327 2643 1383 2678 Vie
1400 2646 1580 2689 potitique

176 2700 216 2734 cle
238 2700 341 2734 Louis
360 2701 401 2735 de
421 2701 571 2742 France,
594 2701 664 2735 duc
683 2700 887 2742 d'Orleans,
910 2712 947 2748 p.
970 2701 1066 2747 202).

225 2758 258 2794 5.
280 2756 441 2804 Robert,
462 2757 632 2795 electeur
651 2758 810 2805 palatin,
833 2759 936 2797 avait
956 2759 1023 2796 fait
1046 2770 1115 2796 son
1132 2759 1298 2807 possible
1313 2772 1408 2808 pour
1427 2760 1580 2798 detour-
