1941 3294
339 334 381 370 84
608 339 976 373 CHRONOGRAPHIA
1000 338 1153 371 REGUM
1177 339 1455 372 FRANGORUM.
1625 336 1729 383 [1386

336 430 493 463 comes
529 417 727 479 Dompni
769 415 965 464 Martini.
1009 417 1151 463 Nocte
1190 432 1303 464 vero
1345 415 1581 480 sequenti,
1624 417 1729 464 facti

336 497 443 538 sunt
468 492 598 556 ignes
617 509 703 555 per
721 492 850 539 vicos
874 491 1092 540 Parisius.

399 568 575 615 Eodem
601 585 777 625 mense,
804 584 905 625 rex,
934 567 980 613 in
1000 573 1137 630 partu
1162 567 1243 615 filii
1266 568 1354 626 sui,
1385 573 1486 615 erat
1510 568 1556 615 in
1576 569 1732 617 Attre-

335 643 460 702 bato,
481 644 560 692 ubi
579 649 942 709 congregaverat
958 644 1214 691 exercitum
1233 651 1281 692 ut
1301 645 1389 691 iret
1408 645 1454 691 in
1467 645 1727 709 Angliam1.

332 722 497 769 Postea
530 738 660 779 vero,
690 726 855 784 quarta
881 719 954 766 die
980 719 1242 768 decembris
1269 720 1505 783 sequenti,
1537 738 1561 767 a
1590 725 1731 785 portu

334 798 507 846 Scluzie
532 800 578 845 in
599 797 813 846 Flandria
832 797 1058 845 remeavit
1079 797 1127 845 in
1147 798 1385 845 Franciam
1410 798 1586 861 absque
1607 797 1731 846 aliud

333 875 513 939 agendo
529 876 565 922 2.

399 952 561 1009 Quinta
587 951 661 998 die
686 951 892 999 octobris
917 950 1127 1015 ejusdem
1151 954 1274 1009 anni,
1303 951 1481 1016 gabella
1507 951 1614 1000 salis
1640 967 1730 1014 que

330 1028 510 1075 valebat
537 1044 627 1091 pro
652 1044 763 1093 rege
792 1034 874 1075 XLa
903 1028 1102 1085 francos,
1132 1027 1342 1075 alleviata
1371 1034 1441 1076 est
1468 1028 1527 1076 de
1555 1028 1731 1076 medie-

328 1111 438 1161 tate,
476 1105 541 1152 sic
572 1105 699 1169 quod
725 1122 817 1152 non
849 1106 1025 1153 valeret
1052 1122 1111 1152 ex
1138 1111 1252 1153 tunc
1282 1105 1370 1153 nisi
1404 1105 1495 1153 xxti
1526 1107 1725 1154 francos.

328 1183 426 1238 Quo
456 1182 684 1246 explicato
715 1182 932 1240 ParisiuS,
968 1198 1027 1230 ex
1059 1187 1193 1245 parte
1227 1182 1368 1245 regis,
1407 1199 1500 1229 non
1531 1183 1730 1230 multum

327 1262 435 1319 post
454 1257 572 1304 facta
589 1262 660 1304 est
681 1274 769 1305 una
794 1257 933 1305 taillia
952 1273 1094 1321 super
1114 1263 1265 1305 totum
1287 1273 1485 1321 regnum
1510 1273 1599 1321 pro
1625 1274 1732 1322 pas-

327 1333 454 1397 sagio
481 1332 661 1397 Anglie.

390 1408 471 1455 Die
514 1411 788 1456 Sanctorum
826 1408 1146 1456 Innocentium
1187 1408 1455 1457 immediate
1495 1409 1724 1473 sequenti,

327 1484 442 1532 obiit
475 1484 672 1532 Karolus
698 1484 944 1548 delphinus
974 1485 1170 1542 Vienne,
1205 1485 1327 1533 filius
1363 1486 1487 1550 regis
1518 1486 1726 1543 Francic,

327 1561 406 1624 qui
432 1567 543 1608 tunc
565 1566 665 1608 erat
689 1561 824 1608 etatis
844 1562 985 1609 trium
1009 1562 1238 1610 mensium
1265 1579 1371 1610 cum
1391 1562 1628 1610 dimidio3.

391 1637 472 1684 Die
507 1637 659 1685 Sancti
690 1638 863 1685 Thome
894 1639 1110 1702 proxime
1145 1639 1407 1702 sequenti&
1445 1639 1620 1687 factum
1657 1643 1729 1687 est

375 1808 407 1842 1.
430 1806 483 1843 Le
505 1807 561 1843 roi
581 1807 674 1843 etait
700 1819 749 1843 en
775 1808 864 1844 effet
889 1808 989 1855 parti
1016 1807 1061 1844 de
1087 1807 1198 1844 Paris
1226 1808 1335 1854 apres
1364 1808 1399 1844 16
1426 1808 1598 1856 mariage
1619 1807 1665 1844 de
1687 1819 1729 1845 sa

327 1875 432 1902 soeur
451 1871 489 1902 et
509 1865 554 1902 de
575 1877 645 1902 son
667 1866 819 1914 cousin,
841 1867 876 1902 16
896 1867 956 1902 fils
977 1866 1027 1904 du
1048 1867 1122 1903 duc
1143 1866 1189 1902 de
1209 1867 1346 1914 Berry.

372 1923 406 1959 2.
428 1923 481 1960 Le
502 1924 545 1959 17
566 1924 790 1970 novembre,
811 1935 861 1960 on
887 1924 1054 1971 ignorait
1081 1924 1103 1959 a
1133 1924 1245 1960 Paris
1277 1924 1310 1960 51
1335 1925 1370 1961 16
1398 1923 1454 1961 101
1474 1923 1662 1971 passerait
1682 1934 1731 1960 ou

325 1993 405 2019 non
425 1993 475 2018 en
494 1982 743 2029 Angleterre;
766 1983 877 2029 mais,
904 1983 938 2019 le
960 1983 1018 2026 26,
1041 1993 1093 2019 on
1118 1982 1231 2019 disait
1256 1983 1530 2030 positivement
1558 1995 1574 2017 <t
1603 1993 1676 2030 que
1695 1984 1731 2019 16

329 2055 344 2075 «
368 2042 455 2088 Roy
481 2041 593 2078 estoit
621 2053 670 2077 au
700 2046 832 2078 retour
859 2047 897 2078 et
924 2041 1027 2078 avoit
1054 2041 1194 2078 mande
1220 2052 1290 2077 son
1318 2041 1464 2078 conseil
1484 2041 1506 2077 a
1526 2041 1689 2078 Amiens
1712 2054 1727 2075 »

327 2101 498 2147 (Journal
518 2102 560 2136 cle
578 2103 670 2137 Jean
691 2102 733 2136 Le
752 2102 870 2146 Fe'vre,
892 2103 1019 2146 evaque
1038 2102 1080 2136 de
1101 2102 1284 2142 Chartres‚
1307 2106 1335 2137 t.
1357 2100 1391 2147 I,
1412 2111 1449 2147 p.
1472 2100 1567 2147 326).

373 2158 407 2195 3.
433 2171 448 2192 a
473 2158 615 2206 vigilia
637 2159 870 2196 Sanctorum
884 2160 1181 2207 Innocencium,
1198 2173 1214 2194 »
1234 2160 1288 2196 dit
1303 2170 1352 2196 au
1369 2159 1562 2196 contraire
1577 2159 1612 2195 16
1627 2158 1731 2196 Reli-

326 2217 441 2264 gieux
460 2217 505 2253 de
528 2218 798 2265 Saint-Denys
822 2222 860 2265 (t.
883 2218 916 2265 Ι,
937 2230 973 2265 p.
997 2218 1093 2265 454).

373 2277 406 2312 4.
430 2276 531 2313 C'est
551 2276 597 2312 de
618 2277 654 2313 la
680 2277 755 2313 sete
785 2277 831 2313 de
858 2277 960 2313 saint
984 2277 1154 2313 Thomas
1174 2277 1220 2314 de
1242 2277 1485 2325 Canterbury
1506 2277 1599 2325 qu’il
1621 2276 1730 2324 s’agit

325 2333 376 2370 ici
399 2347 406 2369 z
430 2334 502 2370 elle
522 2334 651 2370 tombe
673 2335 708 2371 le
729 2335 773 2371 ‘29
794 2334 1011 2371 decembre.
1036 2335 1160 2380 Donc,
1183 2336 1218 2371 16
1247 2335 1334 2371 duel
1355 2341 1420 2372 eut
1440 2335 1517 2372 lieu
1543 2336 1578 2371 16
1597 2335 1641 2372 29
1663 2335 1730 2371 (16-

327 2393 480 2430 cembre
502 2393 606 2439 1386,
629 2393 652 2428 a
679 2393 1254 2441 Saint-Martin-des-Champs.
1277 2395 1330 2430 Le
1358 2394 1480 2431 baron
1507 2394 1666 2441 Kervyn
1686 2393 1732 2430 de

325 2451 581 2497 Lettenhove,
605 2452 670 2499 qui
697 2463 718 2488 a
746 2452 874 2498 puhlie
902 2452 948 2489 de
977 2453 1137 2489 curieux
1163 2454 1377 2500 fragments
1404 2453 1550 2490 relatifs
1579 2453 1601 2488 a
1630 2458 1730 2489 cette

327 2509 458 2545 affaire
481 2510 699 2557 (Froissart,
717 2516 745 2546 t.
769 2510 863 2555 XII,
885 2522 919 2557 p.
950 2511 1046 2557 366),
1069 2522 1090 2547 a
1110 2511 1306 2558 reproduit
1326 2511 1486 2547 l'erreur
1506 2510 1555 2546 du
1575 2509 1731 2546 traduc-

326 2574 412 2603 teur
432 2568 482 2604 du
503 2568 711 2616 Religieux
737 2569 781 2605 de
812 2569 1079 2618 Saint-Denys
1102 2572 1141 2612 (t.
1165 2571 1197 2617 Ι,
1219 2582 1254 2617 p.
1277 2560 1356 2615 2465)
1380 2570 1443 2618 qui
1473 2581 1495 2606 a
1521 2580 1589 2605 6111
1612 2569 1634 2604 a
1653 2573 1730 2605 tort

327 2638 400 2674 que
421 2638 492 2663 son
513 2633 650 2664 auteur
670 2628 797 2664 faisait
819 2629 984 2664 allusion
1005 2629 1027 2664 a
1048 2630 1084 2664 la
1099 2629 1174 2665 sete
1195 2629 1240 2666 de
1261 2629 1363 2665 saint
1383 2629 1567 2673 Thomas,
1583 2628 1727 2674 apotre.

326 2686 426 2722 Jean
439 2687 492 2723 Le
507 2687 644 2734 Fevre,
661 2687 757 2723 dans
779 2698 849 2724 son
861 2689 1033 2731 Journal,
1052 2687 1105 2724 dit
1121 2700 1208 2736 que,
1227 2688 1262 2725 16
1275 2688 1319 2725 24
1336 2691 1425 2725 aout
1441 2687 1546 2733 1381,
1560 2687 1730 2733 Jacques

329 2746 381 2781 Le
396 2746 497 2792 Gris,
514 2747 655 2794 ecuyer
668 2746 718 2783 du
741 2752 866 2783 comte
887 2746 1117 2796 d’Alencon,
1141 2747 1279 2784 assista
1293 2749 1316 2785 a
1330 2758 1407 2784 une
1427 2748 1569 2784 seance
1589 2746 1727 2793 impor-

328 2811 435 2842 tante
455 2806 505 2842 du
527 2807 673 2843 conseil
692 2807 738 2843 de
758 2806 874 2843 Louis
895 2806 1062 2854 d’Anjou
1087 2809 1124 2853 (t.
1148 2807 1180 2852 I,
1202 2819 1237 2854 p.
1261 2807 1310 2853 9).
