<?xml version="1.0" encoding="UTF-8"?>
<!DOCTYPE html PUBLIC "-//W3C//DTD XHTML 1.0 Transitional//EN"
    "http://www.w3.org/TR/xhtml1/DTD/xhtml1-transitional.dtd">
<html xmlns="http://www.w3.org/1999/xhtml" xml:lang="en" lang="en">
 <head>
  <title>
</title>
<meta http-equiv="Content-Type" content="text/html;charset=utf-8" />
  <meta name='ocr-system' content='tesseract 3.04.00' />
  <meta name='ocr-capabilities' content='ocr_page ocr_carea ocr_par ocr_line ocrx_word'/>
</head>
<body>
  <div class='ocr_page' id='page_1' title='image "./chronographiareg03mora_0316.png"; bbox 0 0 1941 3294; ppageno 0'>
   <div class='ocr_carea' id='block_1_1' title="bbox 315 224 1712 271">
    <p class='ocr_par' dir='ltr' id='par_1_1' title="bbox 315 224 1712 271">
     <span class='ocr_line' id='line_1_1' title="bbox 315 224 1712 271; baseline 0.001 -11"><span class='ocrx_word' id='word_1_1' title='bbox 315 224 383 260; x_wconf 72' lang='lat'>254</span> <span class='ocrx_word' id='word_1_2' title='bbox 588 227 959 261; x_wconf 85' lang='lat' dir='ltr'><strong>CHRONOGRAPHIA</strong></span> <span class='ocrx_word' id='word_1_3' title='bbox 984 225 1136 259; x_wconf 88' lang='lat' dir='ltr'>REGUM</span> <span class='ocrx_word' id='word_1_4' title='bbox 1159 228 1437 261; x_wconf 81' lang='lat' dir='ltr'><strong>FRANGORUM.</strong></span> <span class='ocrx_word' id='word_1_5' title='bbox 1609 225 1712 271; x_wconf 78' lang='grc'>[1405</span> 
     </span>
    </p>
   </div>
   <div class='ocr_carea' id='block_1_2' title="bbox 308 303 1721 2119">
    <p class='ocr_par' dir='ltr' id='par_1_2' title="bbox 308 303 1716 1130">
     <span class='ocr_line' id='line_1_2' title="bbox 311 303 1713 368; baseline -0.001 -15"><span class='ocrx_word' id='word_1_6' title='bbox 311 305 709 368; x_wconf 81' lang='lat' dir='ltr'>Dompnapetra1,</span> <span class='ocrx_word' id='word_1_7' title='bbox 754 303 1005 352; x_wconf 83' lang='lat' dir='ltr'>senescallo</span> <span class='ocrx_word' id='word_1_8' title='bbox 1046 304 1243 361; x_wconf 89' lang='lat' dir='ltr'>Pontivi,</span> <span class='ocrx_word' id='word_1_9' title='bbox 1289 304 1488 351; x_wconf 90' lang='lat' dir='ltr'>dominis</span> <span class='ocrx_word' id='word_1_10' title='bbox 1525 321 1713 368; x_wconf 87' lang='lat' dir='ltr'>quoque</span> 
     </span>
     <span class='ocr_line' id='line_1_3' title="bbox 311 380 1713 438; baseline 0 -10"><span class='ocrx_word' id='word_1_11' title='bbox 311 382 370 428; x_wconf 89' lang='lat' dir='ltr'>de</span> <span class='ocrx_word' id='word_1_12' title='bbox 404 381 615 438; x_wconf 86' lang='lat' dir='ltr'>Brimeu,</span> <span class='ocrx_word' id='word_1_13' title='bbox 652 381 969 431; x_wconf 78' lang='lat' dir='ltr'>Veterisville2</span> <span class='ocrx_word' id='word_1_14' title='bbox 1005 385 1051 426; x_wconf 89' lang='lat' dir='ltr'>et</span> <span class='ocrx_word' id='word_1_15' title='bbox 1084 380 1142 427; x_wconf 92' lang='lat' dir='ltr'>de</span> <span class='ocrx_word' id='word_1_16' title='bbox 1179 380 1489 436; x_wconf 80' lang='lat' dir='ltr'>Ramburiis3‚</span> <span class='ocrx_word' id='word_1_17' title='bbox 1533 397 1713 428; x_wconf 81' lang='lat' dir='ltr'>necnon</span> 
     </span>
     <span class='ocr_line' id='line_1_4' title="bbox 310 455 1714 515; baseline 0 -11"><span class='ocrx_word' id='word_1_18' title='bbox 310 460 565 504; x_wconf 86' lang='lat' dir='ltr'>Sarraceno</span> <span class='ocrx_word' id='word_1_19' title='bbox 580 457 741 515; x_wconf 84' lang='lat' dir='ltr'>d’Arli,</span> <span class='ocrx_word' id='word_1_20' title='bbox 765 455 1017 504; x_wconf 81' lang='lat' dir='ltr'>senescallo</span> <span class='ocrx_word' id='word_1_21' title='bbox 1034 456 1221 503; x_wconf 90' lang='lat' dir='ltr'>Bolonie</span> <span class='ocrx_word' id='word_1_22' title='bbox 1235 463 1282 504; x_wconf 90' lang='lat' dir='ltr'>et</span> <span class='ocrx_word' id='word_1_23' title='bbox 1298 456 1511 504; x_wconf 90' lang='lat' dir='ltr'>Leonello</span> <span class='ocrx_word' id='word_1_24' title='bbox 1523 457 1581 504; x_wconf 90' lang='lat' dir='ltr'>de</span> <span class='ocrx_word' id='word_1_25' title='bbox 1600 459 1714 505; x_wconf 86' lang='lat' dir='ltr'>Are-</span> 
     </span>
     <span class='ocr_line' id='line_1_5' title="bbox 313 533 1713 598; baseline 0.001 -18"><span class='ocrx_word' id='word_1_26' title='bbox 313 534 413 580; x_wconf 70' lang='lat' dir='ltr'>nis4</span> <span class='ocrx_word' id='word_1_27' title='bbox 440 539 573 597; x_wconf 88' lang='lat' dir='ltr'>parte</span> <span class='ocrx_word' id='word_1_28' title='bbox 598 534 723 598; x_wconf 89' lang='lat' dir='ltr'>regis</span> <span class='ocrx_word' id='word_1_29' title='bbox 745 533 1003 596; x_wconf 89' lang='lat' dir='ltr'>capitaneo.</span> <span class='ocrx_word' id='word_1_30' title='bbox 1033 533 1443 597; x_wconf 85' lang='lat' dir='ltr'>Gravaringarum,</span> <span class='ocrx_word' id='word_1_31' title='bbox 1466 533 1713 581; x_wconf 90' lang='lat' dir='ltr'>Edmundo</span> 
     </span>
     <span class='ocr_line' id='line_1_6' title="bbox 310 609 1715 672; baseline -0.001 -14"><span class='ocrx_word' id='word_1_32' title='bbox 310 610 369 657; x_wconf 89' lang='lat' dir='ltr'>de</span> <span class='ocrx_word' id='word_1_33' title='bbox 399 611 582 658; x_wconf 88' lang='lat' dir='ltr'>Bouber</span> <span class='ocrx_word' id='word_1_34' title='bbox 616 617 662 657; x_wconf 91' lang='lat' dir='ltr'>et</span> <span class='ocrx_word' id='word_1_35' title='bbox 693 610 792 656; x_wconf 91' lang='lat' dir='ltr'>aliis</span> <span class='ocrx_word' id='word_1_36' title='bbox 828 609 983 656; x_wconf 90' lang='lat' dir='ltr'>multis</span> <span class='ocrx_word' id='word_1_37' title='bbox 1016 609 1238 657; x_wconf 86' lang='lat' dir='ltr'><strong>militibus</strong></span> <span class='ocrx_word' id='word_1_38' title='bbox 1272 626 1420 672; x_wconf 90' lang='lat' dir='ltr'>usque</span> <span class='ocrx_word' id='word_1_39' title='bbox 1456 609 1515 657; x_wconf 91' lang='lat' dir='ltr'>ad</span> <span class='ocrx_word' id='word_1_40' title='bbox 1552 626 1715 657; x_wconf 91' lang='lat' dir='ltr'>nume-</span> 
     </span>
     <span class='ocr_line' id='line_1_7' title="bbox 308 685 1716 750; baseline -0.001 -17"><span class='ocrx_word' id='word_1_41' title='bbox 308 703 416 733; x_wconf 86' lang='lat' dir='ltr'>rum</span> <span class='ocrx_word' id='word_1_42' title='bbox 441 687 654 750; x_wconf 58' lang='lat' dir='ltr'>xxxiiijffl,</span> <span class='ocrx_word' id='word_1_43' title='bbox 685 702 789 732; x_wconf 91' lang='lat' dir='ltr'>cum</span> <span class='ocrx_word' id='word_1_44' title='bbox 814 685 1026 747; x_wconf 91' lang='lat' dir='ltr'>pluribus</span> <span class='ocrx_word' id='word_1_45' title='bbox 1054 685 1154 732; x_wconf 92' lang='lat' dir='ltr'>aliis</span> <span class='ocrx_word' id='word_1_46' title='bbox 1180 686 1435 733; x_wconf 81' lang='lat' dir='ltr'>domicellis</span> <span class='ocrx_word' id='word_1_47' title='bbox 1467 702 1547 733; x_wconf 88' lang='lat' dir='ltr'>seu</span> <span class='ocrx_word' id='word_1_48' title='bbox 1575 686 1716 734; x_wconf 88' lang='lat' dir='ltr'>scuti—</span> 
     </span>
     <span class='ocr_line' id='line_1_8' title="bbox 310 761 1715 825; baseline 0.001 -17"><span class='ocrx_word' id='word_1_49' title='bbox 310 762 435 817; x_wconf 80' lang='lat' dir='ltr'>feris,</span> <span class='ocrx_word' id='word_1_50' title='bbox 466 763 544 825; x_wconf 92' lang='lat' dir='ltr'>qui</span> <span class='ocrx_word' id='word_1_51' title='bbox 572 778 734 808; x_wconf 88' lang='lat' dir='ltr'>omnes</span> <span class='ocrx_word' id='word_1_52' title='bbox 766 761 952 808; x_wconf 87' lang='lat' dir='ltr'>insimul</span> <span class='ocrx_word' id='word_1_53' title='bbox 978 761 1156 824; x_wconf 86' lang='lat' dir='ltr'>absque</span> <span class='ocrx_word' id='word_1_54' title='bbox 1187 762 1387 818; x_wconf 92' lang='lat' dir='ltr'>famulis,</span> <span class='ocrx_word' id='word_1_55' title='bbox 1422 768 1609 809; x_wconf 84' lang='lat' dir='ltr'>centurn</span> <span class='ocrx_word' id='word_1_56' title='bbox 1634 769 1715 810; x_wconf 66' lang='lat' dir='ltr'>XLa</span> 
     </span>
     <span class='ocr_line' id='line_1_9' title="bbox 311 838 1716 901; baseline 0 -16"><span class='ocrx_word' id='word_1_57' title='bbox 311 839 488 885; x_wconf 92' lang='lat' dir='ltr'>nobiles</span> <span class='ocrx_word' id='word_1_58' title='bbox 526 855 632 885; x_wconf 92' lang='lat' dir='ltr'>cum</span> <span class='ocrx_word' id='word_1_59' title='bbox 668 838 856 893; x_wconf 88' lang='lat' dir='ltr'>vexillo,</span> <span class='ocrx_word' id='word_1_60' title='bbox 901 843 1075 885; x_wconf 87' lang='lat' dir='ltr'>statero</span> <span class='ocrx_word' id='word_1_61' title='bbox 1113 843 1160 885; x_wconf 86' lang='lat' dir='ltr'>et</span> <span class='ocrx_word' id='word_1_62' title='bbox 1198 839 1470 901; x_wconf 91' lang='lat' dir='ltr'>penuncello</span> <span class='ocrx_word' id='word_1_63' title='bbox 1510 838 1622 885; x_wconf 86' lang='lat' dir='ltr'>dicti</span> <span class='ocrx_word' id='word_1_64' title='bbox 1657 838 1716 886; x_wconf 91' lang='lat' dir='ltr'>de</span> 
     </span>
     <span class='ocr_line' id='line_1_10' title="bbox 309 913 1715 978; baseline 0.001 -18"><span class='ocrx_word' id='word_1_65' title='bbox 309 916 478 961; x_wconf 88' lang='lat' dir='ltr'>Sancto</span> <span class='ocrx_word' id='word_1_66' title='bbox 495 914 635 960; x_wconf 90' lang='lat' dir='ltr'>Paulo</span> <span class='ocrx_word' id='word_1_67' title='bbox 651 920 696 961; x_wconf 85' lang='lat' dir='ltr'>et</span> <span class='ocrx_word' id='word_1_68' title='bbox 712 913 1070 976; x_wconf 73' lang='lat' dir='ltr'>quamplurimis</span> <span class='ocrx_word' id='word_1_69' title='bbox 1085 914 1281 961; x_wconf 90' lang='lat' dir='ltr'>aliorum</span> <span class='ocrx_word' id='word_1_70' title='bbox 1292 914 1520 978; x_wconf 88' lang='lat' dir='ltr'>insigniis,</span> <span class='ocrx_word' id='word_1_71' title='bbox 1538 914 1715 977; x_wconf 83' lang='lat' dir='ltr'>absque</span> 
     </span>
     <span class='ocr_line' id='line_1_11' title="bbox 309 989 1715 1053; baseline 0.001 -18"><span class='ocrx_word' id='word_1_72' title='bbox 309 989 468 1052; x_wconf 90' lang='lat' dir='ltr'>spoliis</span> <span class='ocrx_word' id='word_1_73' title='bbox 492 989 926 1044; x_wconf 80' lang='lat' dir='ltr'>innumerabilibus,</span> <span class='ocrx_word' id='word_1_74' title='bbox 951 989 1078 1037; x_wconf 86' lang='lat' dir='ltr'>ducti</span> <span class='ocrx_word' id='word_1_75' title='bbox 1098 989 1145 1036; x_wconf 94' lang='lat' dir='ltr'>in</span> <span class='ocrx_word' id='word_1_76' title='bbox 1165 990 1391 1037; x_wconf 88' lang='lat' dir='ltr'>Calesium</span> <span class='ocrx_word' id='word_1_77' title='bbox 1409 990 1612 1048; x_wconf 88' lang='lat' dir='ltr'>fuerunt,</span> <span class='ocrx_word' id='word_1_78' title='bbox 1635 989 1715 1053; x_wconf 92' lang='lat' dir='ltr'>qui</span> 
     </span>
     <span class='ocr_line' id='line_1_12' title="bbox 309 1066 1502 1130; baseline 0.001 -18"><span class='ocrx_word' id='word_1_79' title='bbox 309 1072 473 1128; x_wconf 88' lang='lat' dir='ltr'>postea</span> <span class='ocrx_word' id='word_1_80' title='bbox 498 1066 642 1113; x_wconf 89' lang='lat' dir='ltr'>multa</span> <span class='ocrx_word' id='word_1_81' title='bbox 667 1066 898 1130; x_wconf 81' lang='lat' dir='ltr'>redempti</span> <span class='ocrx_word' id='word_1_82' title='bbox 922 1066 1114 1129; x_wconf 89' lang='lat' dir='ltr'>pecunia</span> <span class='ocrx_word' id='word_1_83' title='bbox 1140 1066 1321 1113; x_wconf 89' lang='lat' dir='ltr'>liberati</span> <span class='ocrx_word' id='word_1_84' title='bbox 1348 1068 1502 1113; x_wconf 77' lang='lat' dir='ltr'>sunt5.</span> 
     </span>
    </p>

    <p class='ocr_par' dir='ltr' id='par_1_3' title="bbox 308 1140 1721 2119">
     <span class='ocr_line' id='line_1_13' title="bbox 374 1140 1718 1205; baseline -0.001 -17"><span class='ocrx_word' id='word_1_85' title='bbox 374 1144 482 1188; x_wconf 89' lang='lat' dir='ltr'>Post</span> <span class='ocrx_word' id='word_1_86' title='bbox 509 1141 717 1189; x_wconf 88' lang='lat' dir='ltr'>triduum</span> <span class='ocrx_word' id='word_1_87' title='bbox 747 1158 862 1188; x_wconf 83' lang='lat' dir='ltr'>vero</span> <span class='ocrx_word' id='word_1_88' title='bbox 894 1141 1072 1205; x_wconf 90' lang='lat' dir='ltr'>Anglici</span> <span class='ocrx_word' id='word_1_89' title='bbox 1099 1141 1244 1188; x_wconf 90' lang='lat' dir='ltr'>eciam</span> <span class='ocrx_word' id='word_1_90' title='bbox 1271 1141 1535 1205; x_wconf 86' lang='lat' dir='ltr'>glomerosa</span> <span class='ocrx_word' id='word_1_91' title='bbox 1563 1140 1718 1188; x_wconf 85' lang='lat' dir='ltr'>multi-</span> 
     </span>
     <span class='ocr_line' id='line_1_14' title="bbox 310 1217 1718 1280; baseline 0 -16"><span class='ocrx_word' id='word_1_92' title='bbox 310 1217 468 1264; x_wconf 80' lang='lat' dir='ltr'>tudine</span> <span class='ocrx_word' id='word_1_93' title='bbox 489 1217 548 1264; x_wconf 91' lang='lat' dir='ltr'>de</span> <span class='ocrx_word' id='word_1_94' title='bbox 568 1217 743 1265; x_wconf 87' lang='lat' dir='ltr'>Calesio</span> <span class='ocrx_word' id='word_1_95' title='bbox 765 1218 885 1264; x_wconf 90' lang='lat' dir='ltr'>circa</span> <span class='ocrx_word' id='word_1_96' title='bbox 903 1233 1152 1280; x_wconf 83' lang='lat' dir='ltr'>vesperam</span> <span class='ocrx_word' id='word_1_97' title='bbox 1172 1217 1402 1272; x_wconf 85' lang='lat' dir='ltr'>exierunt,</span> <span class='ocrx_word' id='word_1_98' title='bbox 1430 1233 1537 1264; x_wconf 90' lang='lat' dir='ltr'>cum</span> <span class='ocrx_word' id='word_1_99' title='bbox 1562 1223 1718 1280; x_wconf 89' lang='lat' dir='ltr'>petra-</span> 
     </span>
     <span class='ocr_line' id='line_1_15' title="bbox 308 1293 1718 1356; baseline -0.001 -16"><span class='ocrx_word' id='word_1_100' title='bbox 308 1294 390 1341; x_wconf 87' lang='lat' dir='ltr'>riis</span> <span class='ocrx_word' id='word_1_101' title='bbox 421 1294 615 1356; x_wconf 89' lang='lat' dir='ltr'>aliisque</span> <span class='ocrx_word' id='word_1_102' title='bbox 648 1293 969 1340; x_wconf 77' lang='lat' dir='ltr'>instrumentis</span> <span class='ocrx_word' id='word_1_103' title='bbox 1007 1293 1182 1340; x_wconf 91' lang='lat' dir='ltr'>bellicis</span> <span class='ocrx_word' id='word_1_104' title='bbox 1222 1310 1338 1356; x_wconf 89' lang='lat' dir='ltr'>quas</span> <span class='ocrx_word' id='word_1_105' title='bbox 1378 1299 1424 1340; x_wconf 87' lang='lat' dir='ltr'>et</span> <span class='ocrx_word' id='word_1_106' title='bbox 1465 1310 1558 1356; x_wconf 91' lang='lat' dir='ltr'>que</span> <span class='ocrx_word' id='word_1_107' title='bbox 1593 1293 1718 1356; x_wconf 92' lang='lat' dir='ltr'>apud</span> 
     </span>
     <span class='ocr_line' id='line_1_16' title="bbox 310 1369 1716 1432; baseline 0.001 -16"><span class='ocrx_word' id='word_1_108' title='bbox 310 1373 432 1417; x_wconf 91' lang='lat' dir='ltr'>Merc</span> <span class='ocrx_word' id='word_1_109' title='bbox 456 1370 617 1417; x_wconf 91' lang='lat' dir='ltr'>Franci</span> <span class='ocrx_word' id='word_1_110' title='bbox 645 1370 913 1424; x_wconf 88' lang='lat' dir='ltr'>amiserant,</span> <span class='ocrx_word' id='word_1_111' title='bbox 943 1375 989 1416; x_wconf 88' lang='lat' dir='ltr'>et</span> <span class='ocrx_word' id='word_1_112' title='bbox 1014 1370 1060 1416; x_wconf 91' lang='lat' dir='ltr'>in</span> <span class='ocrx_word' id='word_1_113' title='bbox 1087 1386 1255 1416; x_wconf 88' lang='lat' dir='ltr'>aurora</span> <span class='ocrx_word' id='word_1_114' title='bbox 1282 1370 1371 1418; x_wconf 91' lang='lat' dir='ltr'>diei</span> <span class='ocrx_word' id='word_1_115' title='bbox 1394 1369 1631 1432; x_wconf 89' lang='lat' dir='ltr'>sequentis</span> <span class='ocrx_word' id='word_1_116' title='bbox 1658 1370 1716 1418; x_wconf 91' lang='lat' dir='ltr'>ad</span> 
     </span>
     <span class='ocr_line' id='line_1_17' title="bbox 312 1446 1718 1509; baseline 0.001 -18"><span class='ocrx_word' id='word_1_117' title='bbox 312 1446 467 1492; x_wconf 87' lang='lat' dir='ltr'>villam</span> <span class='ocrx_word' id='word_1_118' title='bbox 501 1446 679 1494; x_wconf 87' lang='lat' dir='ltr'>Ardere</span> <span class='ocrx_word' id='word_1_119' title='bbox 710 1463 850 1508; x_wconf 86' lang='lat' dir='ltr'>quam</span> <span class='ocrx_word' id='word_1_120' title='bbox 882 1446 1013 1509; x_wconf 87' lang='lat' dir='ltr'>quasi</span> <span class='ocrx_word' id='word_1_121' title='bbox 1050 1462 1244 1494; x_wconf 89' lang='lat' dir='ltr'>vacuam</span> <span class='ocrx_word' id='word_1_122' title='bbox 1272 1446 1538 1494; x_wconf 90' lang='lat' dir='ltr'>hominibus</span> <span class='ocrx_word' id='word_1_123' title='bbox 1563 1462 1718 1493; x_wconf 87' lang='lat' dir='ltr'>armo-</span> 
     </span>
     <span class='ocr_line' id='line_1_18' title="bbox 310 1523 1714 1586; baseline 0 -17"><span class='ocrx_word' id='word_1_124' title='bbox 310 1539 416 1570; x_wconf 89' lang='lat' dir='ltr'>rum</span> <span class='ocrx_word' id='word_1_125' title='bbox 434 1528 716 1585; x_wconf 88' lang='lat' dir='ltr'>putaverunt</span> <span class='ocrx_word' id='word_1_126' title='bbox 733 1523 989 1578; x_wconf 85' lang='lat' dir='ltr'>venientes,</span> <span class='ocrx_word' id='word_1_127' title='bbox 1007 1539 1109 1569; x_wconf 90' lang='lat' dir='ltr'>eam</span> <span class='ocrx_word' id='word_1_128' title='bbox 1131 1523 1345 1585; x_wconf 84' lang='lat' dir='ltr'>protinus</span> <span class='ocrx_word' id='word_1_129' title='bbox 1361 1523 1569 1586; x_wconf 80' lang='lat' dir='ltr'>aggressi</span> <span class='ocrx_word' id='word_1_130' title='bbox 1589 1528 1714 1579; x_wconf 88' lang='lat' dir='ltr'>sunt,</span> 
     </span>
     <span class='ocr_line' id='line_1_19' title="bbox 311 1598 1719 1662; baseline 0 -17"><span class='ocrx_word' id='word_1_131' title='bbox 311 1598 709 1662; x_wconf 90' lang='lat' dir='ltr'>impectentesque</span> <span class='ocrx_word' id='word_1_132' title='bbox 740 1598 896 1645; x_wconf 89' lang='lat' dir='ltr'>villam</span> <span class='ocrx_word' id='word_1_133' title='bbox 923 1599 1102 1662; x_wconf 82' lang='lat' dir='ltr'>sagittis</span> <span class='ocrx_word' id='word_1_134' title='bbox 1134 1605 1274 1662; x_wconf 88' lang='lat' dir='ltr'>atque</span> <span class='ocrx_word' id='word_1_135' title='bbox 1303 1598 1576 1646; x_wconf 81' lang='lat' dir='ltr'>balistarum</span> <span class='ocrx_word' id='word_1_136' title='bbox 1609 1615 1719 1661; x_wconf 88' lang='lat' dir='ltr'>qua-</span> 
     </span>
     <span class='ocr_line' id='line_1_20' title="bbox 311 1674 1720 1739; baseline 0.001 -18"><span class='ocrx_word' id='word_1_137' title='bbox 311 1675 436 1722; x_wconf 86' lang='lat' dir='ltr'>rellis</span> <span class='ocrx_word' id='word_1_138' title='bbox 480 1675 734 1722; x_wconf 90' lang='lat' dir='ltr'>multorum</span> <span class='ocrx_word' id='word_1_139' title='bbox 784 1691 1011 1739; x_wconf 86' lang='lat' dir='ltr'>generum</span> <span class='ocrx_word' id='word_1_140' title='bbox 1056 1675 1382 1731; x_wconf 85' lang='lat' dir='ltr'>armamentis,</span> <span class='ocrx_word' id='word_1_141' title='bbox 1431 1674 1720 1723; x_wconf 89' lang='lat' dir='ltr'>Arderenses</span> 
     </span>
     <span class='ocr_line' id='line_1_21' title="bbox 313 1751 1719 1814; baseline -0.001 -16"><span class='ocrx_word' id='word_1_142' title='bbox 313 1756 523 1798; x_wconf 85' lang='lat' dir='ltr'>coartare</span> <span class='ocrx_word' id='word_1_143' title='bbox 549 1756 792 1814; x_wconf 90' lang='lat' dir='ltr'>ceperunt,</span> <span class='ocrx_word' id='word_1_144' title='bbox 823 1751 940 1798; x_wconf 88' lang='lat' dir='ltr'>adeo</span> <span class='ocrx_word' id='word_1_145' title='bbox 971 1757 1021 1798; x_wconf 90' lang='lat' dir='ltr'>ut</span> <span class='ocrx_word' id='word_1_146' title='bbox 1056 1768 1220 1799; x_wconf 90' lang='lat' dir='ltr'>eorum</span> <span class='ocrx_word' id='word_1_147' title='bbox 1255 1752 1359 1814; x_wconf 90' lang='lat' dir='ltr'>quis</span> <span class='ocrx_word' id='word_1_148' title='bbox 1392 1751 1467 1798; x_wconf 90' lang='lat' dir='ltr'>vel</span> <span class='ocrx_word' id='word_1_149' title='bbox 1501 1751 1634 1814; x_wconf 90' lang='lat' dir='ltr'>pauci</span> <span class='ocrx_word' id='word_1_150' title='bbox 1673 1751 1719 1797; x_wconf 94' lang='lat' dir='ltr'>in</span> 
     </span>
     <span class='ocr_line' id='line_1_22' title="bbox 313 1826 1718 1891; baseline -0.001 -17"><span class='ocrx_word' id='word_1_151' title='bbox 313 1827 461 1874; x_wconf 87' lang='lat' dir='ltr'>muris</span> <span class='ocrx_word' id='word_1_152' title='bbox 499 1832 814 1883; x_wconf 85' lang='lat' dir='ltr'>remanerent,</span> <span class='ocrx_word' id='word_1_153' title='bbox 856 1832 1101 1890; x_wconf 90' lang='lat' dir='ltr'>tractoque</span> <span class='ocrx_word' id='word_1_154' title='bbox 1141 1827 1248 1891; x_wconf 88' lang='lat' dir='ltr'>igne</span> <span class='ocrx_word' id='word_1_155' title='bbox 1282 1827 1329 1873; x_wconf 94' lang='lat' dir='ltr'>in</span> <span class='ocrx_word' id='word_1_156' title='bbox 1365 1826 1489 1883; x_wconf 87' lang='lat' dir='ltr'>villa,</span> <span class='ocrx_word' id='word_1_157' title='bbox 1529 1826 1718 1889; x_wconf 92' lang='lat' dir='ltr'>quidam</span> 
     </span>
     <span class='ocr_line' id='line_1_23' title="bbox 314 1904 1721 1968; baseline -0.001 -17"><span class='ocrx_word' id='word_1_158' title='bbox 314 1921 463 1968; x_wconf 88' lang='lat' dir='ltr'>prope</span> <span class='ocrx_word' id='word_1_159' title='bbox 496 1904 747 1967; x_wconf 88' lang='lat' dir='ltr'>quamdam</span> <span class='ocrx_word' id='word_1_160' title='bbox 779 1905 948 1951; x_wconf 88' lang='lat' dir='ltr'>turrim</span> <span class='ocrx_word' id='word_1_161' title='bbox 975 1920 1186 1952; x_wconf 88' lang='lat' dir='ltr'>murrum</span> <span class='ocrx_word' id='word_1_162' title='bbox 1213 1904 1300 1951; x_wconf 89' lang='lat' dir='ltr'>sub</span> <span class='ocrx_word' id='word_1_163' title='bbox 1326 1909 1546 1951; x_wconf 86' lang='lat' dir='ltr'>cavantes</span> <span class='ocrx_word' id='word_1_164' title='bbox 1581 1908 1721 1965; x_wconf 84' lang='lat' dir='ltr'>atque</span> 
     </span>
     <span class='ocr_line' id='line_1_24' title="bbox 314 1979 1721 2044; baseline -0.001 -17"><span class='ocrx_word' id='word_1_165' title='bbox 314 1980 389 2027; x_wconf 89' lang='lat' dir='ltr'>alii</span> <span class='ocrx_word' id='word_1_166' title='bbox 430 1981 575 2027; x_wconf 89' lang='lat' dir='ltr'>scalas</span> <span class='ocrx_word' id='word_1_167' title='bbox 618 1980 797 2027; x_wconf 91' lang='lat' dir='ltr'>concite</span> <span class='ocrx_word' id='word_1_168' title='bbox 836 1980 1086 2044; x_wconf 89' lang='lat' dir='ltr'>erigentes,</span> <span class='ocrx_word' id='word_1_169' title='bbox 1130 1980 1177 2027; x_wconf 92' lang='lat' dir='ltr'>in</span> <span class='ocrx_word' id='word_1_170' title='bbox 1220 1997 1309 2028; x_wconf 89' lang='lat' dir='ltr'>una</span> <span class='ocrx_word' id='word_1_171' title='bbox 1349 1986 1482 2043; x_wconf 89' lang='lat' dir='ltr'>parte</span> <span class='ocrx_word' id='word_1_172' title='bbox 1529 1979 1721 2026; x_wconf 88' lang='lat' dir='ltr'>viriliter</span> 
     </span>
     <span class='ocr_line' id='line_1_25' title="bbox 315 2056 829 2119; baseline 0.002 -16"><span class='ocrx_word' id='word_1_173' title='bbox 315 2056 567 2103; x_wconf 88' lang='lat' dir='ltr'>ascendere</span> <span class='ocrx_word' id='word_1_174' title='bbox 587 2062 829 2119; x_wconf 89' lang='lat' dir='ltr'>ceperunt.</span> 
     </span>
    </p>
   </div>
   <div class='ocr_carea' id='block_1_3' title="bbox 317 2185 1724 2762">
    <p class='ocr_par' dir='ltr' id='par_1_4' title="bbox 366 2185 1718 2233">
     <span class='ocr_line' id='line_1_26' title="bbox 366 2185 1718 2233; baseline 0.001 -12"><span class='ocrx_word' id='word_1_175' title='bbox 366 2187 397 2221; x_wconf 84' lang='lat'>1.</span> <span class='ocrx_word' id='word_1_176' title='bbox 419 2186 586 2232; x_wconf 87' lang='lat' dir='ltr'>Jacques</span> <span class='ocrx_word' id='word_1_177' title='bbox 607 2185 653 2222; x_wconf 89' lang='lat' dir='ltr'>de</span> <span class='ocrx_word' id='word_1_178' title='bbox 673 2185 882 2231; x_wconf 73' lang='lat' dir='ltr'>Chatillon,</span> <span class='ocrx_word' id='word_1_179' title='bbox 911 2186 1092 2232; x_wconf 79' lang='lat' dir='ltr'>seigneur</span> <span class='ocrx_word' id='word_1_180' title='bbox 1111 2185 1155 2222; x_wconf 89' lang='lat' dir='ltr'>de</span> <span class='ocrx_word' id='word_1_181' title='bbox 1177 2185 1418 2232; x_wconf 82' lang='lat' dir='ltr'>Dampierre,</span> <span class='ocrx_word' id='word_1_182' title='bbox 1447 2187 1554 2229; x_wconf 69' lang='lat' dir='ltr'><em>Ibid„</em></span> <span class='ocrx_word' id='word_1_183' title='bbox 1577 2197 1613 2233; x_wconf 89' lang='lat' dir='ltr'>p.</span> <span class='ocrx_word' id='word_1_184' title='bbox 1638 2186 1718 2222; x_wconf 80' lang='lat'><strong>114.</strong></span> 
     </span>
    </p>

    <p class='ocr_par' dir='ltr' id='par_1_5' title="bbox 363 2244 1159 2281">
     <span class='ocr_line' id='line_1_27' title="bbox 363 2244 1159 2281; baseline 0 0"><span class='ocrx_word' id='word_1_185' title='bbox 363 2245 398 2281; x_wconf 70' lang='lat'>⁴2.</span> <span class='ocrx_word' id='word_1_186' title='bbox 423 2245 523 2280; x_wconf 85' lang='lat' dir='ltr'>Sans</span> <span class='ocrx_word' id='word_1_187' title='bbox 543 2245 657 2281; x_wconf 84' lang='lat' dir='ltr'>doute</span> <span class='ocrx_word' id='word_1_188' title='bbox 678 2244 809 2281; x_wconf 87' lang='lat' dir='ltr'>Pierre</span> <span class='ocrx_word' id='word_1_189' title='bbox 830 2245 875 2281; x_wconf 90' lang='lat' dir='ltr'>de</span> <span class='ocrx_word' id='word_1_190' title='bbox 896 2245 932 2280; x_wconf 91' lang='lat' dir='ltr'>la</span> <span class='ocrx_word' id='word_1_191' title='bbox 951 2245 1159 2281; x_wconf 86' lang='lat' dir='ltr'>Vieuville.</span> 
     </span>
    </p>

    <p class='ocr_par' dir='ltr' id='par_1_6' title="bbox 317 2303 1722 2585">
     <span class='ocr_line' id='line_1_28' title="bbox 366 2303 1721 2351; baseline 0.001 -12"><span class='ocrx_word' id='word_1_192' title='bbox 366 2303 399 2339; x_wconf 86' lang='lat'>3.</span> <span class='ocrx_word' id='word_1_193' title='bbox 423 2304 475 2339; x_wconf 87' lang='lat' dir='ltr'>Le</span> <span class='ocrx_word' id='word_1_194' title='bbox 496 2304 567 2340; x_wconf 88' lang='lat' dir='ltr'>duc</span> <span class='ocrx_word' id='word_1_195' title='bbox 588 2303 633 2340; x_wconf 90' lang='lat' dir='ltr'>de</span> <span class='ocrx_word' id='word_1_196' title='bbox 653 2303 885 2350; x_wconf 82' lang='lat' dir='ltr'>Bourgogne</span> <span class='ocrx_word' id='word_1_197' title='bbox 905 2303 1035 2339; x_wconf 86' lang='lat' dir='ltr'>donna</span> <span class='ocrx_word' id='word_1_198' title='bbox 1055 2304 1089 2339; x_wconf 86' lang='lat' dir='ltr'>le</span> <span class='ocrx_word' id='word_1_199' title='bbox 1112 2305 1153 2340; x_wconf 76' lang='lat'>18</span> <span class='ocrx_word' id='word_1_200' title='bbox 1172 2303 1324 2350; x_wconf 84' lang='lat' dir='ltr'>janvier</span> <span class='ocrx_word' id='word_1_201' title='bbox 1346 2304 1435 2340; x_wconf 81' lang='lat'>1406</span> <span class='ocrx_word' id='word_1_202' title='bbox 1457 2306 1508 2351; x_wconf 87' lang='lat' dir='ltr'>(n.</span> <span class='ocrx_word' id='word_1_203' title='bbox 1532 2305 1594 2351; x_wconf 78' lang='lat' dir='ltr'>st.)</span> <span class='ocrx_word' id='word_1_204' title='bbox 1616 2304 1721 2341; x_wconf 89' lang='lat' dir='ltr'>mille</span> 
     </span>
     <span class='ocr_line' id='line_1_29' title="bbox 317 2362 1722 2410; baseline 0.001 -13"><span class='ocrx_word' id='word_1_205' title='bbox 317 2362 433 2399; x_wconf 80' lang='lat' dir='ltr'>livres</span> <span class='ocrx_word' id='word_1_206' title='bbox 459 2362 481 2397; x_wconf 73' lang='lat' dir='ltr'>a</span> <span class='ocrx_word' id='word_1_207' title='bbox 509 2362 648 2409; x_wconf 87' lang='lat' dir='ltr'>David,</span> <span class='ocrx_word' id='word_1_208' title='bbox 681 2362 862 2409; x_wconf 83' lang='lat' dir='ltr'>seigneur</span> <span class='ocrx_word' id='word_1_209' title='bbox 887 2362 932 2398; x_wconf 90' lang='lat' dir='ltr'>de</span> <span class='ocrx_word' id='word_1_210' title='bbox 962 2362 1196 2408; x_wconf 82' lang='lat' dir='ltr'>Ramhures,</span> <span class='ocrx_word' id='word_1_211' title='bbox 1220 2377 1236 2396; x_wconf 91' lang='lat'>«</span> <span class='ocrx_word' id='word_1_212' title='bbox 1258 2374 1353 2409; x_wconf 87' lang='lat' dir='ltr'>pour</span> <span class='ocrx_word' id='word_1_213' title='bbox 1382 2362 1416 2398; x_wconf 87' lang='lat' dir='ltr'>le</span> <span class='ocrx_word' id='word_1_214' title='bbox 1446 2362 1652 2410; x_wconf 81' lang='lat' dir='ltr'>payement</span> <span class='ocrx_word' id='word_1_215' title='bbox 1677 2362 1722 2399; x_wconf 90' lang='lat' dir='ltr'>de</span> 
     </span>
     <span class='ocr_line' id='line_1_30' title="bbox 320 2420 1718 2469; baseline 0.001 -15"><span class='ocrx_word' id='word_1_216' title='bbox 320 2433 335 2454; x_wconf 72' lang='grc' dir='ltr'>(ι</span> <span class='ocrx_word' id='word_1_217' title='bbox 360 2431 401 2456; x_wconf 85' lang='lat' dir='ltr'>sa</span> <span class='ocrx_word' id='word_1_218' title='bbox 414 2431 561 2468; x_wconf 71' lang='lat' dir='ltr'>rancon</span> <span class='ocrx_word' id='word_1_219' title='bbox 581 2421 603 2456; x_wconf 76' lang='lat' dir='ltr'>a</span> <span class='ocrx_word' id='word_1_220' title='bbox 623 2420 660 2456; x_wconf 91' lang='lat' dir='ltr'>la</span> <span class='ocrx_word' id='word_1_221' title='bbox 677 2420 838 2467; x_wconf 78' lang='lat' dir='ltr'>journee</span> <span class='ocrx_word' id='word_1_222' title='bbox 860 2423 907 2457; x_wconf 78' lang='lat' dir='ltr'>ou</span> <span class='ocrx_word' id='word_1_223' title='bbox 929 2421 955 2455; x_wconf 88' lang='lat' dir='ltr'>il</span> <span class='ocrx_word' id='word_1_224' title='bbox 976 2421 1032 2457; x_wconf 85' lang='lat' dir='ltr'>fut</span> <span class='ocrx_word' id='word_1_225' title='bbox 1053 2421 1120 2457; x_wconf 81' lang='lat' dir='ltr'>fait</span> <span class='ocrx_word' id='word_1_226' title='bbox 1134 2421 1355 2468; x_wconf 81' lang='lat' dir='ltr'>prisonnier</span> <span class='ocrx_word' id='word_1_227' title='bbox 1371 2433 1438 2469; x_wconf 90' lang='lat' dir='ltr'>par</span> <span class='ocrx_word' id='word_1_228' title='bbox 1451 2422 1508 2458; x_wconf 85' lang='lat' dir='ltr'>les</span> <span class='ocrx_word' id='word_1_229' title='bbox 1522 2421 1686 2468; x_wconf 84' lang='lat' dir='ltr'>Anglois</span> <span class='ocrx_word' id='word_1_230' title='bbox 1704 2434 1718 2456; x_wconf 64' lang='grc' dir='ltr'>ι)</span> 
     </span>
     <span class='ocr_line' id='line_1_31' title="bbox 319 2479 1718 2525; baseline 0.001 -11"><span class='ocrx_word' id='word_1_231' title='bbox 319 2479 374 2525; x_wconf 84' lang='grc' dir='ltr'>(Ε.</span> <span class='ocrx_word' id='word_1_232' title='bbox 398 2479 521 2525; x_wconf 85' lang='lat' dir='ltr'>Petit,</span> <span class='ocrx_word' id='word_1_233' title='bbox 550 2481 764 2515; x_wconf 68' lang='lat' dir='ltr'>Itineraires</span> <span class='ocrx_word' id='word_1_234' title='bbox 793 2481 833 2515; x_wconf 78' lang='lat' dir='ltr'>de</span> <span class='ocrx_word' id='word_1_235' title='bbox 858 2481 1220 2525; x_wconf 72' lang='lat' dir='ltr'>Philippa-le-Hardi</span> <span class='ocrx_word' id='word_1_236' title='bbox 1249 2484 1281 2516; x_wconf 83' lang='lat' dir='ltr'>et</span> <span class='ocrx_word' id='word_1_237' title='bbox 1308 2482 1349 2516; x_wconf 82' lang='lat' dir='ltr'>de</span> <span class='ocrx_word' id='word_1_238' title='bbox 1376 2482 1468 2517; x_wconf 82' lang='lat' dir='ltr'>Jean</span> <span class='ocrx_word' id='word_1_239' title='bbox 1493 2480 1718 2523; x_wconf 79' lang='lat' dir='ltr'>Sans-Peur,</span> 
     </span>
     <span class='ocr_line' id='line_1_32' title="bbox 319 2539 884 2585; baseline 0 -12"><span class='ocrx_word' id='word_1_240' title='bbox 319 2539 405 2574; x_wconf 71' lang='lat' dir='ltr'>(lues</span> <span class='ocrx_word' id='word_1_241' title='bbox 425 2540 466 2573; x_wconf 79' lang='lat' dir='ltr'>cle</span> <span class='ocrx_word' id='word_1_242' title='bbox 487 2540 708 2584; x_wconf 66' lang='lat' dir='ltr'>Bouryogme,</span> <span class='ocrx_word' id='word_1_243' title='bbox 730 2549 766 2585; x_wconf 87' lang='lat' dir='ltr'>p.</span> <span class='ocrx_word' id='word_1_244' title='bbox 791 2539 884 2585; x_wconf 85' lang='lat'>585).</span> 
     </span>
    </p>

    <p class='ocr_par' dir='ltr' id='par_1_7' title="bbox 367 2596 811 2633">
     <span class='ocr_line' id='line_1_33' title="bbox 367 2596 811 2633; baseline 0.002 -1"><span class='ocrx_word' id='word_1_245' title='bbox 367 2598 400 2632; x_wconf 84' lang='lat'>4.</span> <span class='ocrx_word' id='word_1_246' title='bbox 423 2597 559 2633; x_wconf 89' lang='lat' dir='ltr'>Lionel</span> <span class='ocrx_word' id='word_1_247' title='bbox 579 2596 811 2633; x_wconf 81' lang='lat' dir='ltr'>d’Airaines.</span> 
     </span>
    </p>

    <p class='ocr_par' dir='ltr' id='par_1_8' title="bbox 319 2655 1724 2762">
     <span class='ocr_line' id='line_1_34' title="bbox 367 2655 1724 2703; baseline 0 -11"><span class='ocrx_word' id='word_1_248' title='bbox 367 2656 400 2692; x_wconf 91' lang='lat'>5.</span> <span class='ocrx_word' id='word_1_249' title='bbox 423 2655 583 2703; x_wconf 74' lang='lat' dir='ltr'>D&#39;apres</span> <span class='ocrx_word' id='word_1_250' title='bbox 609 2656 646 2692; x_wconf 85' lang='lat' dir='ltr'>la</span> <span class='ocrx_word' id='word_1_251' title='bbox 671 2657 767 2693; x_wconf 81' lang='lat' dir='ltr'>Geste</span> <span class='ocrx_word' id='word_1_252' title='bbox 793 2657 851 2692; x_wconf 81' lang='lat' dir='ltr'>des</span> <span class='ocrx_word' id='word_1_253' title='bbox 877 2657 1008 2697; x_wconf 79' lang='lat' dir='ltr'>nobles,</span> <span class='ocrx_word' id='word_1_254' title='bbox 1037 2656 1189 2703; x_wconf 78' lang='lat' dir='ltr'>puhliee</span> <span class='ocrx_word' id='word_1_255' title='bbox 1216 2667 1284 2703; x_wconf 83' lang='lat' dir='ltr'>par</span> <span class='ocrx_word' id='word_1_256' title='bbox 1309 2657 1362 2693; x_wconf 92' lang='lat' dir='ltr'>M.</span> <span class='ocrx_word' id='word_1_257' title='bbox 1390 2656 1520 2692; x_wconf 83' lang='lat' dir='ltr'>Vallet</span> <span class='ocrx_word' id='word_1_258' title='bbox 1545 2656 1590 2692; x_wconf 91' lang='lat' dir='ltr'>de</span> <span class='ocrx_word' id='word_1_259' title='bbox 1616 2656 1724 2692; x_wconf 84' lang='lat' dir='ltr'>Viri-</span> 
     </span>
     <span class='ocr_line' id='line_1_35' title="bbox 319 2714 1686 2762; baseline 0.002 -13"><span class='ocrx_word' id='word_1_260' title='bbox 319 2714 422 2761; x_wconf 72' lang='lat' dir='ltr'>ville,</span> <span class='ocrx_word' id='word_1_261' title='bbox 442 2715 672 2762; x_wconf 80' lang='lat' dir='ltr'>Enguerran</span> <span class='ocrx_word' id='word_1_262' title='bbox 692 2716 737 2752; x_wconf 88' lang='lat' dir='ltr'>de</span> <span class='ocrx_word' id='word_1_263' title='bbox 758 2715 1033 2752; x_wconf 88' lang='lat' dir='ltr'>Bournonville</span> <span class='ocrx_word' id='word_1_264' title='bbox 1054 2716 1110 2751; x_wconf 81' lang='lat' dir='ltr'>fut</span> <span class='ocrx_word' id='word_1_265' title='bbox 1131 2715 1348 2762; x_wconf 76' lang='lat' dir='ltr'>egalement</span> <span class='ocrx_word' id='word_1_266' title='bbox 1369 2715 1435 2751; x_wconf 81' lang='lat' dir='ltr'>fait</span> <span class='ocrx_word' id='word_1_267' title='bbox 1454 2715 1686 2761; x_wconf 83' lang='lat' dir='ltr'>prisonnier.</span> 
     </span>
    </p>
   </div>
  </div>
 </body>
</html>
