1941 3294
185 278 289 324 1398]
459 281 827 314 GHRONOGRAPHIA
853 281 1006 314 REGUM
1030 280 1307 313 FRANCORUM.
1513 280 1575 315 151

251 377 273 403 α
305 358 522 414 Karolus,
561 358 641 404 Dei
685 357 838 421 gracia
873 374 958 404 rex
999 359 1307 414 Francorum,
1350 357 1581 406 universis

189 453 209 478 α
235 434 402 482 Christi
427 433 642 481 fidelibus
666 419 860 480 salu-tem
894 434 940 480 in
965 432 1161 480 Domino
1189 439 1235 479 et
1259 433 1318 479 ad
1343 433 1582 497 integrita-

188 528 209 554 α
240 515 335 556 tem
367 516 523 557 sancte
548 508 706 556 Matris
730 509 932 557 Ecclesie
955 509 1066 556 totis
1091 508 1324 556 mentibus
1347 509 1578 557 anhelare.

188 605 208 630 α
239 589 338 634 Rex
363 592 568 642 eternus,
599 585 674 648 pia
699 585 997 633 miseratione
1014 601 1200 648 semper
1225 585 1390 633 siciens
1410 586 1584 634 anima-

187 682 206 706 «
239 678 345 710 rum
368 663 562 710 salutem
583 678 786 725 suosque
811 662 1074 726 adoptionis
1099 662 1219 709 filios
1244 662 1291 709 in
1317 662 1388 709 sui
1416 679 1584 725 corpo-

186 757 207 782 «
238 739 303 785 ris
332 739 521 786 caritate
547 745 844 795 connectans,
873 738 1124 786 Ecclesiam
1152 739 1303 802 ipsam
1331 755 1473 803 supra
1503 739 1585 786 fir—

186 835 206 860 «
239 832 360 863 mam
407 821 592 878 petram
638 816 824 872 statuit,
877 832 930 863 ac
979 833 1005 862 a
1054 815 1230 863 semitis
1280 816 1584 878 querencium

186 910 206 935 <z
237 891 491 938 ambicioso
510 891 635 938 cultu
655 893 913 954 preciosam
932 891 1244 939 substanciam
1270 907 1358 954 pro
1384 891 1585 938 vitandis

186 986 206 1011 α
237 967 383 1014 hostis
405 967 580 1030 antiqui
606 968 783 1030 laqueis
811 968 955 1031 pedes
985 968 1142 1015 docuit
1168 967 1504 1031 prohibendos,
1534 973 1586 1015 ut

184 1062 204 1087 ι(
236 1049 546 1106 quererentur
572 1060 664 1091 non
698 1044 961 1092 materiales
992 1045 1074 1092 sed
1104 1044 1367 1106 spirituales
1394 1044 1584 1106 quidem

184 1138 204 1163 «ι
235 1119 432 1176 nummi,
459 1126 506 1167 et
529 1120 576 1167 in
602 1120 778 1167 eisdem
807 1120 913 1168 filiis
938 1120 1170 1167 inconcisa
1195 1120 1381 1174 caritas,
1405 1137 1458 1167 ac
1478 1137 1586 1184 per-

184 1215 204 1240 «
236 1203 379 1260 petuo
404 1197 450 1243 in
482 1197 582 1260 ipsa
618 1197 819 1244 Ecclesia
846 1196 1120 1244 indissutilis
1145 1197 1297 1244 unitas
1326 1197 1580 1244 foveretur.

183 1292 204 1317 <c
234 1277 283 1321 In
310 1291 401 1336 qua
431 1290 523 1320 non
557 1274 663 1329 hec,
696 1273 778 1321 sed
817 1273 1245 1321 abhominationem
1284 1273 1585 1320 desolationis

182 1369 202 1393 c<
233 1350 463 1406 videntes,
505 1350 739 1413 compellit
780 1366 866 1397 nos
903 1350 1083 1397 sincera
1121 1349 1257 1405 fides,
1297 1350 1584 1397 consciencia

181 1445 201 1470 <t
232 1432 369 1490 urget
409 1432 455 1474 et
495 1426 596 1489 ipsa
640 1427 791 1489 pulsat
824 1427 1052 1483 Ecclesia,
1091 1432 1143 1474 ut
1180 1427 1463 1491 attingentes
1497 1444 1583 1475 nos

181 1521 202 1546 c<
232 1501 382 1565 operi,
411 1517 578 1565 regum
605 1507 651 1549 et
676 1501 942 1565 principum
961 1502 1158 1549 aliorum
1179 1502 1279 1549 fulti
1300 1503 1499 1559 auxiliis,
1523 1503 1581 1550 ad

180 1597 201 1622 α
232 1578 562 1642 integrandum
599 1579 778 1626 caulam
814 1579 1022 1635 Domini,
1067 1579 1168 1642 ipsa
1205 1579 1582 1627 abhominatione

181 1674 202 1699 «
233 1655 406 1720 fugata,
435 1656 544 1702 totis
570 1655 813 1702 conatibus
839 1655 1150 1703 intendamus.
1179 1675 1200 1701 1>

240 1736 296 1780 Et
322 1739 485 1795 postea
504 1732 701 1779 adicitur
727 1749 735 1778 :
763 1751 783 1776 α
805 1735 898 1779 Nos
915 1732 1071 1795 itaque
1092 1733 1171 1795 qui
1187 1739 1238 1780 ut
1257 1749 1392 1798 reges
1417 1735 1577 1790 ceteri,

180 1829 200 1853 «
231 1827 257 1856 a
301 1808 499 1856 Domino
540 1825 625 1871 per
666 1808 946 1871 prophetam
985 1825 1108 1855 nunc
1151 1809 1374 1872 precipue
1417 1810 1582 1857 intelli-

179 1905 199 1930 «
229 1902 340 1950 gere
360 1886 597 1950 jubemur,
629 1884 816 1948 quando
836 1885 943 1932 fidei
965 1901 1153 1932 murum
1174 1886 1234 1932 sit
1259 1886 1380 1933 aries
1407 1887 1580 1950 ubique

177 1962 399 2009 «lacerat
432 1962 622 2019 inimici,
665 1961 907 2025 premissis
947 1961 1165 2009 omnibus
1202 1968 1247 2008 et
1293 1962 1486 2026 singulis
1528 1980 1581 2010 ac

177 2058 197 2083 (ι
228 2038 328 2085 aliis
353 2039 400 2085 in
426 2039 510 2086 hac
527 2045 659 2102 parte
677 2038 1044 2093 considerandis,
1069 2038 1306 2103 signanter
1332 2039 1579 2087 violatione

179 2137 198 2160 «ι
224 2115 474 2179 juramenti
503 2115 719 2163 introitus
745 2114 992 2172 conclavis,
1024 2121 1073 2162 ut
1099 2115 1351 2178 prefertur,
1376 2116 1574 2179 prestiti,

178 2211 198 2235 α
231 2191 357 2254 quod
394 2195 514 2239 Deus
552 2192 630 2255 qui
670 2192 957 2239 consciencie
1001 2191 1133 2239 testis
1172 2198 1244 2239 est
1284 2192 1350 2239 sic
1393 2193 1573 2255 recipit,

179 2287 198 2312 <t
230 2268 349 2315 sicut
386 2268 688 2316 cardinalium
727 2277 872 2326 cetus,
918 2269 991 2316 cui
1033 2275 1104 2316 est
1141 2269 1407 2332 prestitum,
1445 2270 1577 2317 intel-

177 2364 197 2389 «
229 2345 357 2401 lexit,
387 2344 601 2392 habendo
624 2363 708 2409 pre
734 2346 878 2393 oculis
905 2346 1056 2394 solum
1082 2349 1228 2394 Deum
1244 2384 1254 2402 ,
1289 2346 1443 2394 debita
1469 2364 1576 2395 cum

177 2440 197 2465 c<
229 2421 494 2468 maturitate
516 2421 725 2484 digestis,
750 2439 841 2469 non
869 2422 1078 2470 volentes
1103 2429 1199 2470 tam
1219 2423 1446 2479 enormia,
1473 2423 1574 2486 qui-

177 2517 196 2542 «
228 2497 316 2545 bus
339 2498 538 2545 Ecclesia
564 2498 644 2546 Dei
666 2499 730 2545 sic
753 2499 958 2562 graviter
984 2499 1333 2555 scandalizatur,
1367 2500 1465 2546 sine
1494 2500 1574 2547 Dei

177 2592 197 2617 α
229 2573 420 2629 offensa,
444 2573 588 2621 oculis
612 2575 966 2623 conniventibus
993 2575 1297 2639 pertransire,
1327 2575 1409 2622 sed
1439 2575 1575 2624 claris

177 2668 198 2693 α
230 2650 584 2715 progenitorum
620 2657 887 2700 nostrorum
925 2652 1180 2709 inherendo
1218 2652 1448 2716 vestigiis,
1495 2669 1575 2700 cu-

180 2744 201 2770 «
230 2726 413 2790 pientes
454 2727 600 2791 ipsius
641 2728 841 2775 Ecclesie
882 2728 1104 2793 integrari
1143 2728 1416 2786 scissuram,
1464 2729 1575 2777 totis
