1941 3294
298 224 366 262 ‘27⁵3
571 229 938 261 CHRONOGRAPHIA
965 229 1116 260 REGUM
1141 229 1418 261 FRANCORUM.
1590 227 1696 273 [1405

298 305 430 352 bonis
455 304 589 362 villis,
617 311 666 352 ut
699 305 771 352 illa
805 305 948 351 verba
979 321 1071 351 non
1099 305 1401 352 crederentur
1430 321 1532 352 esse
1558 323 1692 362 vera;

298 386 344 428 et
372 380 574 427 maxime
605 379 730 427 misit
764 380 962 427 Parisius
994 379 1289 427 Universitati
1318 380 1561 428 Parisiensi
1588 399 1697 430 suos

298 456 656 511 embaxiatores‚
686 455 812 518 quod
844 454 1036 501 materia
1073 455 1196 503 unde
1222 457 1404 518 questio
1430 457 1699 505 vertebatur

299 533 420 579 inter
434 533 587 595 ipsum
602 538 648 579 et
664 532 830 578 ducem
846 531 1111 594 Burgundio
1125 548 1210 594 per
1224 549 1305 578 eos
1321 532 1378 578 de
1392 533 1698 580 Universitate

300 609 460 656 fuisset
480 609 655 671 optime
673 608 879 654 discussa
896 612 1143 669 antequam
1157 608 1267 655 dent
1282 608 1326 655 in
1341 609 1416 671 jus
1427 609 1499 655 vel
1517 609 1700 657 faveant

297 684 384 732 sibi
411 701 492 732 seu
519 685 632 740 alio;
663 683 947 731 Universitas
968 699 1081 729 vero
1101 684 1225 746 apud
1246 684 1538 732 Meledunum
1560 685 1700 732 remi-

297 761 355 808 sit
390 762 446 808 ad
484 761 638 824 ipsum
674 775 783 806 suos
814 759 1156 806 embaxiatores
1191 760 1472 823 sollempnes
1498 761 1574 823 qui
1612 761 1700 809 sibi

296 837 546 900 tetigerunt
568 852 710 899 super
728 835 817 882 tria
843 853 851 881 :
877 835 1030 898 primo
1052 836 1179 897 quod
1198 836 1483 884 Universitas
1501 837 1701 885 Parisius

296 913 447 960 eidem
471 912 759 976 regraciabat
788 928 929 974 super
954 912 1180 958 honorem
1207 929 1292 974 per
1316 913 1471 975 ipsum
1495 913 1579 960 sibi
1608 914 1702 961 fac-

296 993 395 1034 tum
417 987 475 1034 de
502 987 723 1034 missione
749 1003 941 1034 suorum
961 987 1332 1034 embaxiatorum
1354 988 1412 1035 ad
1434 988 1607 1051 ipsam3
1631 988 1700 1037 2d⁰

297 1063 423 1126 quod
442 1062 528 1110 sibi
546 1064 749 1126 placeret
762 1063 1140 1110 reformationem
1159 1079 1259 1110 esse
1278 1063 1445 1110 factam
1463 1064 1508 1111 in
1527 1081 1696 1129 regno;

299 1140 345 1186 3⁰
374 1139 499 1202 quod
530 1139 793 1203 pacificaret
824 1155 930 1186 cum
957 1138 1073 1186 duce
1106 1139 1388 1203 Burgundie,
1423 1141 1701 1188 consobrino

299 1233 404 1264 suo.

363 1292 538 1350 Quibus
560 1293 790 1355 peroratis
807 1292 1104 1339 incontinenti
1128 1309 1215 1355 per
1235 1309 1283 1339 se
1304 1292 1428 1339 idem
1446 1293 1540 1340 dux
1558 1295 1703 1341 Aure-

298 1369 513 1416 lianensis
539 1368 673 1416 dictis
703 1369 1097 1416 embaxiatoribus
1129 1369 1194 1416 sic
1225 1370 1468 1433 respondit
1504 1388 1512 1416 :
1548 1370 1702 1433 primo

298 1445 424 1508 quod
445 1444 727 1492 Universitas
748 1445 983 1507 sapienter
1003 1462 1095 1492 non
1121 1452 1280 1509 egerat
1299 1445 1426 1508 qu‘od
1450 1452 1700 1508 antequam

298 1521 355 1568 ad
374 1521 522 1583 ipsam
543 1521 763 1577 mitteret,
783 1521 841 1567 ad
859 1538 965 1568 eum
985 1538 1076 1568 non
1099 1522 1316 1577 misisset,
1338 1529 1384 1569 et
1405 1522 1514 1569 inde
1537 1539 1700 1584 quam-

297 1598 548 1661 plurimum
573 1598 845 1654 mirabatur,
871 1604 1046 1645 attento
1066 1597 1193 1661 quod
1212 1598 1427 1662 ignorare
1449 1615 1543 1644 non
1563 1604 1699 1662 pote-

298 1679 371 1721 rat
402 1674 513 1737 quin
545 1674 665 1721 filius
695 1674 819 1738 regis
854 1681 975 1722 esset
1004 1691 1056 1722 ac
1085 1675 1245 1721 unicus
1275 1674 1417 1721 frater
1447 1674 1593 1739 regis,
1630 1675 1702 1722 cui

298 1766 383 1796 rex
414 1750 621 1813 regimen
653 1750 786 1813 regni
823 1750 893 1797 sui
929 1749 1200 1807 tradiderat,
1235 1756 1454 1813 tanquam
1482 1750 1540 1796 ad
1573 1749 1702 1797 illum

299 1826 378 1888 qui
405 1826 462 1873 de
483 1826 586 1889 jure
612 1826 877 1890 hujusmodi
908 1826 1117 1890 regimen
1151 1826 1323 1873 habere
1350 1825 1566 1883 debebat,
1591 1843 1702 1891 rege

300 1903 344 1949 in
378 1903 644 1949 infirmitate
679 1909 723 1949 et
752 1903 871 1950 filius
900 1903 998 1966 ejus
1024 1903 1070 1949 in
1102 1902 1366 1949 minoritate
1397 1902 1703 1951 existentibus

300 1986 346 2025 et
365 1996 454 2025 non
467 1979 593 2041 quod
609 1979 666 2026 de
683 1979 757 2026 illa
775 1979 1084 2027 Universitate
1101 1985 1302 2036 curaret,
1322 1979 1402 2026 sed
1415 1979 1473 2027 ad
1487 1980 1703 2028 demons-

302 2054 519 2102 trandum
555 2071 686 2102 suam
722 2055 967 2102 stulticiam
1001 2073 1109 2103 suos
1141 2055 1483 2103 embaxiatores
1514 2056 1704 2104 miserat

301 2132 472 2179 eidem.

367 2208 580 2256 Secundo
606 2208 733 2271 quod
760 2208 821 2254 illi
851 2208 907 2255 de
934 2209 1240 2256 Universitate
1267 2209 1346 2272 qui
1370 2215 1502 2257 erant
1526 2209 1703 2257 advene

304 2291 348 2331 et
370 2285 576 2348 proseliti
596 2292 642 2331 et
661 2285 719 2332 de
740 2284 940 2332 diversis
959 2285 1228 2349 regionibus
1248 2303 1300 2333 ac
1320 2286 1491 2350 ignotis
1517 2287 1698 2351 linguis,

304 2378 394 2408 non
420 2378 468 2408 se
493 2360 724 2408 habebant
746 2360 1057 2409 intromittere
1078 2361 1135 2408 de
1159 2362 1384 2426 regimine
1410 2369 1456 2410 et
1482 2362 1705 2410 reforma-

304 2437 427 2483 tione
448 2436 582 2499 hujus
601 2435 751 2500 regni,
775 2436 1016 2483 attendere
1043 2453 1091 2483 se
1112 2436 1344 2485 debebant
1370 2437 1427 2484 ad
1454 2438 1606 2500 ipsum
1625 2438 1705 2501 qui

303 2514 402 2573 ejus
427 2513 636 2577 regimen
662 2512 862 2560 habebat
881 2518 927 2560 et
953 2513 1012 2560 ad
1040 2513 1142 2561 illos
1164 2514 1221 2561 de
1243 2513 1463 2579 sanguine
1483 2520 1528 2562 et
1555 2514 1705 2562 consi-

305 2589 366 2635 lio
393 2589 533 2653 regis.

372 2665 531 2712 Tercio
552 2665 675 2729 quod
703 2665 870 2713 nullius
891 2665 1173 2714 necessitatis
1196 2672 1296 2715 erat
1318 2683 1403 2714 nec
1424 2667 1704 2730 opportebat
