1941 3294
314 325 359 361 22
587 321 958 356 CHRONOGRAPHIA
984 319 1137 352 REGUM
1160 317 1437 351 FRANGORUM.
1608 312 1714 360 [1382

318 427 338 453 α
369 406 513 454 vestri
532 408 736 467 recepta.
759 405 816 449 Et
834 400 912 463 qui
936 415 1021 446 nos
1042 398 1239 462 denegat
1261 402 1307 444 et
1326 413 1410 444 nos
1428 395 1555 442 illum
1575 395 1714 443 dene-

317 504 337 529 «
369 499 550 549 gamus,
571 487 617 529 et
633 480 712 543 qui
732 484 892 526 contra
915 491 999 523 nos
1019 474 1217 539 insurgit
1236 480 1282 522 et
1302 490 1387 521 nos
1406 478 1568 520 contra
1586 472 1715 520 illum

317 579 338 604 α
368 559 689 621 insurgemus3
717 559 764 601 et
788 552 868 615 qui
894 550 1138 598 nobiscum
1161 556 1232 597 est
1257 554 1303 597 et
1328 565 1413 596 nos
1439 564 1546 595 cum
1567 563 1642 604 eo,
1670 553 1716 594 et

317 655 338 680 «ι
369 635 448 698 qui
483 649 571 696 pro
608 630 743 678 nobis
778 634 848 675 est
873 632 918 674 et
943 642 1029 673 nos
1061 642 1149 688 pro
1182 642 1255 672 eo.
1284 629 1341 673 Et
1372 624 1586 671 advertat
1616 623 1716 670 affi-

316 732 336 757 «
369 711 488 758 nitas
514 706 752 772 quomodo
778 702 1049 759 mandastis,
1076 719 1133 749 an
1159 702 1196 750 si
1222 702 1356 749 vobis
1382 701 1532 747 honor
1557 706 1603 747 et
1628 715 1715 762 per

316 808 336 833 α
369 788 570 851 signum,
593 799 700 831 cum
717 782 780 828 nil
800 780 1045 828 credamus
1064 779 1199 826 vobis
1217 778 1263 825 in
1282 778 1434 840 aliquo
1450 777 1716 841 injuriatum

317 883 338 909 «ι
369 863 535 917 fuisse3
570 859 652 907 sed
677 857 753 921 qui
789 857 846 903 ab
872 855 1021 903 amico
1052 861 1100 902 et
1124 853 1468 918 consanguineo
1497 851 1717 899 recedere

317 960 337 985 (ι
368 939 483 994 vult,
511 935 804 984 occasionem
830 931 984 995 querit
1013 949 1022 978 :
1053 931 1120 979 sic
1143 930 1207 978 ita
1232 930 1398 977 facitis.
1422 933 1478 977 Et
1501 928 1574 976 illa
1599 928 1719 975 sicut

316 1035 336 1060 <1
368 1016 505 1077 lupus
531 1012 610 1075 qui
639 1026 746 1058 cum
771 1024 891 1072 agno
924 1007 972 1054 in
1005 1007 1141 1070 rippa
1174 1006 1396 1053 torrentis
1431 1011 1549 1061 erat,
1579 1005 1637 1052 ab
1663 1021 1718 1051 eo

316 1111 336 1137 <x
368 1089 593 1154 querebat
618 1085 909 1134 occasionem
934 1089 986 1131 ut
1007 1100 1115 1130 eum
1139 1082 1295 1130 ledere
1321 1087 1496 1145 posset.
1526 1083 1718 1128 Nostras

317 1187 337 1213 <x
366 1166 557 1231 injurias
583 1163 718 1211 vobis
744 1162 893 1209 illatas
919 1176 1009 1207 non
1037 1159 1224 1215 alienas,
1254 1158 1467 1221 quamvis
1492 1174 1585 1204 non
1620 1173 1720 1204 cre-

317 1261 337 1287 «
369 1242 523 1290 dimus
548 1238 774 1293 intulisse,
798 1235 1055 1300 propositis
1078 1234 1331 1281 vindicare.
1354 1237 1410 1281 Et
1429 1249 1488 1280 ne
1508 1232 1720 1296 potencia

318 1338 338 1363 α
368 1324 524 1363 vestra
557 1331 698 1377 quam
726 1311 1021 1360 monstrastis
1052 1326 1138 1357 vos
1169 1309 1358 1364 habere,
1398 1324 1508 1355 suos
1538 1307 1721 1355 excedit

317 1413 336 1438 α
369 1392 539 1440 limites
555 1429 566 1447 ,
605 1390 700 1437 suis
741 1387 912 1435 finibus
953 1388 1013 1434 sit
1056 1392 1291 1433 contenta.
1332 1384 1540 1432 Noscatis
1581 1383 1722 1448 igitur

318 1489 337 1514 ει
369 1468 497 1532 quod
531 1472 690 1514 nostre
728 1465 856 1529 regie
894 1462 1179 1511 celsitudinis
1216 1466 1287 1508 est
1321 1460 1533 1517 intentio,
1573 1460 1720 1507 nostri

319 1566 339 1591 <1
370 1545 503 1608 regni
523 1542 713 1590 obviare
736 1539 954 1604 periculis
974 1544 1223 1601 antequam
1243 1542 1470 1592 crescant,
1494 1535 1722 1583 sumendo

320 1642 339 1667 α
371 1621 575 1686 gladium
606 1624 766 1665 contra
799 1615 1052 1679 quemlibet
1085 1631 1170 1661 nos
1202 1620 1248 1660 et
1277 1629 1476 1677 regnum
1509 1618 1721 1659 nostrum

319 1718 339 1742 «ι
371 1697 591 1744 invadere
617 1695 851 1741 volentem
877 1698 924 1739 et
950 1707 1009 1739 ne
1035 1707 1121 1754 per
1143 1705 1428 1753 quemquam
1451 1689 1510 1737 de
1526 1688 1721 1740 celsitu-

319 1792 338 1817 «
371 1772 478 1820 dine
503 1776 664 1819 nostre
690 1769 819 1833 regie
844 1767 1097 1831 majestatis
1122 1766 1273 1813 valeat
1295 1765 1429 1822 dici1,

429 1891 449 1916 <t
482 1873 597 1920 Cum
621 1870 741 1917 mala
765 1885 852 1933 per
876 1868 1038 1932 longas
1060 1866 1296 1914 invaluere
1318 1865 1502 1913 moras²
1531 1882 1540 1911 :

319 1985 338 2010 (ι
369 1969 537 2013 Datum
563 1970 652 2011 etc.
690 1983 710 2007 i>

378 2045 594 2089 Preterea
626 2039 820 2087 sabbato
852 2037 1004 2101 prima
1031 2037 1105 2084 die
1137 2035 1297 2084 marcii
1329 2034 1434 2082 anni
1467 2034 1719 2098 prenotati,

315 2118 487 2166 scilicet
500 2115 650 2165 Miccci
670 2114 942 2177 octogesimi
962 2112 1120 2177 primi,
1139 2112 1251 2159 dum
1268 2112 1383 2159 hora
1401 2110 1578 2174 prima3
1594 2126 1722 2157 com-

364 2248 395 2281 1.
419 2245 527 2281 Cette
554 2245 666 2280 lettre
688 2242 733 2278 de
754 2242 827 2278 defi
849 2252 871 2277 a
891 2242 949 2277 ete
976 2240 1178 2287 imprimee
1206 2250 1275 2286 par
1296 2238 1329 2274 le
1352 2238 1473 2274 baron
1493 2238 1656 2285 Kervyn
1676 2237 1722 2274 de

314 2305 554 2342 Lettenhove
576 2303 795 2346 (Froissart‚
817 2307 845 2337 t.
868 2300 943 2341 IX,
964 2312 1000 2347 p.
1025 2300 1121 2339 579).

362 2364 396 2400 2.
419 2362 554 2408 Ovide,
578 2362 745 2398 Remedia
772 2362 929 2402 Amoris,
954 2369 1041 2394 vers
1065 2357 1123 2403 9⁵3,
1146 2356 1238 2393 dont
1259 2356 1357 2393 voici
1384 2356 1418 2391 le
1446 2360 1550 2392 texte
1577 2359 1690 2392 exact
1712 2366 1720 2389 :

540 2445 554 2465 «
579 2431 675 2468 Cum
697 2431 800 2466 mala
821 2440 887 2477 per
907 2429 1042 2476 longas
1065 2427 1294 2465 convaluere
1316 2438 1458 2463 moras.
1484 2440 1499 2461 ι

365 2504 398 2540 3.
420 2503 472 2539 Ce
489 2507 574 2539 sont
590 2506 835 2538 exactement
847 2500 883 2535 la
897 2499 983 2535 date
997 2505 1034 2534 et
1051 2499 1196 2534 l’heure
1211 2497 1381 2534 donnees
1395 2508 1464 2544 par
1474 2497 1508 2533 le
1518 2496 1723 2543 Religieux

316 2563 361 2598 de
382 2561 650 2608 Saint-Denys
675 2566 711 2605 (t.
734 2560 764 2605 I7
787 2571 822 2606 p.
848 2558 944 2603 136),
967 2557 1031 2604 qui
1053 2557 1170 2593 relate
1192 2567 1263 2604 que
1286 2557 1320 2592 le
1342 2560 1582 2603 percepteur,
1605 2559 1722 2602 ayant

318 2621 484 2658 reclame
506 2620 539 2655 le
561 2623 738 2655 montant
753 2617 797 2653 de
820 2616 1068 2663 l‘imposition
1089 2616 1111 2651 a
1133 2626 1208 2650 une
1230 2613 1465 2652 marchande
1485 2613 1530 2650 de
1551 2623 1723 2659 cresson,

318 2679 373 2715 fut
399 2679 559 2715 aussitot
585 2677 782 2713 massacre
803 2675 866 2718 (cf.
889 2677 1012 2711 Partie
1038 2676 1172 2710 ine‘dite
1199 2676 1257 2709 des
1285 2674 1509 2718 Clzroniques
1534 2673 1575 2708 de
1595 2672 1725 2708 Saint-

319 2740 438 2783 Denz‘s,
460 2738 509 2773 du
538 2736 658 2773 baron
679 2735 841 2780 Pichon,
863 2746 898 2781 p.
923 2735 971 2775 1).
995 2732 1287 2770 L’ordonnance
1316 2732 1365 2768 du
1395 2732 1438 2768 27
1461 2730 1613 2779 J'anvier
1634 2730 1724 2767 1383

322 2799 374 2842 (n.
398 2796 459 2839 st.)
490 2795 617 2833 donne
647 2804 722 2831 une
754 2792 915 2830 relation
946 2792 1017 2828 fort
1037 2791 1186 2839 precise
1208 2791 1253 2827 de
1282 2791 1457 2828 l’emeute
1485 2791 1638 2833 (Recueil
1666 2790 1725 2824 des
