1941 3294
151 275 254 322 1398]
419 277 789 311 CHRONOGRAPHIA
815 278 968 311 REGUM
991 278 1272 310 FRANCORUM.
1486 276 1551 312 147

150 356 264 404 dum
296 354 508 403 soldariis
539 354 598 402 de
623 354 797 402 Calesio
827 355 995 417 quibus
1029 361 1184 401 tamen
1217 355 1354 401 nichil
1380 355 1551 403 horum

150 433 402 481 distribuit.
448 452 468 477 α
513 435 710 495 Insuper
738 427 900 480 'extitit
935 432 1116 480 occasio
1158 432 1368 479 omnium
1407 432 1554 480 tradi-

154 528 174 554 «
205 509 392 556 cionum
423 515 585 556 contra
615 525 702 555 vos
740 515 786 556 et
820 525 1018 573 regnum
1052 513 1264 557 vestrum
1303 508 1419 556 citra
1448 525 1555 572 spa-

153 605 174 630 «
206 585 329 633 cium
363 585 529 649 xviij⁰³¹¹²
563 601 794 632 annorum
832 585 1217 641 commissarum3
1267 585 1367 649 ejus
1408 585 1555 632 eciam

155 683 174 707 α
202 664 395 711 consilio
437 670 482 711 et
521 663 776 710 tradicione
816 663 991 711 interiit
1026 670 1221 727 patruus
1264 679 1419 720 meus,
1459 663 1555 711 dux

154 758 174 783 <t
205 739 562 796 Claudocestrie,
592 739 714 785 filius
734 738 843 786 boni
863 739 988 803 regis
1014 738 1284 787 Edowardi.
1321 758 1342 783 ι)

213 815 342 862 Alter
373 830 487 861 vero
521 831 571 861 se
609 815 876 862 excusando
914 815 999 862 hec
1041 814 1197 862 omnia
1237 813 1478 861 mendacia
1510 819 1556 861 et

149 891 314 938 frivola
357 907 459 938 esse
500 889 786 938 verbotenus
817 896 1104 953 protestatus
1144 896 1255 938 est:
1300 910 1320 935 τι
1356 893 1489 948 Nam,
1534 909 1554 934 ι»

148 968 298 1031 inquit
323 967 441 1031 regi,
477 986 497 1012 α
528 967 765 1032 octoginta
794 967 919 1014 milia
947 967 1171 1015 nobilium
1197 984 1448 1015 aureorum
1471 983 1558 1030 per

153 1063 174 1088 α
205 1060 290 1091 vos
311 1044 451 1091 michi
482 1043 651 1091 tradita
684 1050 782 1090 tam
813 1043 1014 1091 fideliter
1039 1043 1260 1107 expendi,
1296 1043 1423 1106 quod
1450 1043 1559 1090 villa

152 1139 173 1164 <t
204 1127 363 1167 vestra
383 1119 441 1167 de
464 1120 647 1168 Kalesio
672 1120 734 1167 ita
760 1119 881 1167 bene
906 1127 1089 1167 servata
1115 1127 1187 1167 est
1207 1120 1325 1167 sicut
1352 1135 1559 1182 unquam

153 1215 174 1240 ι(
207 1202 391 1244 servata
406 1196 567 1252 fuerit;
585 1196 712 1260 quod
729 1196 789 1243 ita
810 1196 869 1243 sit
889 1196 1208 1244 manifestatur
1223 1213 1309 1259 per
1328 1197 1417 1243 hoc
1432 1195 1559 1259 quod

155 1291 176 1317 «ι
206 1272 265 1319 ab
287 1272 464 1319 eisdem
486 1273 700 1319 soldariis
722 1272 895 1319 nullam
916 1272 1034 1318 male
1055 1272 1298 1319 solutionis
1321 1272 1561 1335 querimo-

155 1368 175 1393 «
208 1349 332 1396 niam
353 1349 411 1396 ad
433 1365 518 1395 vos
538 1348 770 1412 pervenit.
797 1352 970 1397 Verum
991 1355 1062 1396 est
1082 1348 1209 1411 quod
1230 1349 1432 1412 quadam
1456 1348 1560 1395 vice

155 1446 174 1470 α
205 1426 448 1473 insidiatus
472 1425 536 1472 fui
568 1425 674 1472 huic
693 1425 884 1472 domino
912 1424 1015 1472 duci
1047 1425 1300 1472 Lincestrie
1329 1440 1472 1488 quem
1490 1424 1560 1471 vi-

154 1521 175 1546 «
207 1502 313 1560 deo,
344 1502 424 1565 qui
446 1507 611 1566 postea
636 1502 694 1550 de
716 1501 785 1549 sui
808 1501 964 1565 gracia
989 1501 1128 1548 michi
1154 1501 1267 1549 illud
1292 1501 1500 1550 indulsit.
1538 1520 1558 1545 1>

214 1578 286 1626 Hii
317 1578 429 1635 duo,
465 1595 586 1625 unus
624 1584 730 1642 post
771 1578 926 1634 alium,
959 1577 1343 1641 supplicaverunt
1374 1578 1475 1642 regi
1510 1582 1562 1625 ut

152 1671 235 1702 sua
270 1654 391 1702 dicta
425 1654 646 1718 singulari
677 1654 930 1701 certamine
957 1655 1258 1702 sustinerent.
1289 1654 1465 1702 Deinde
1503 1653 1561 1702 ab

153 1730 353 1778 invicem
388 1730 542 1788 divisi,
571 1747 678 1778 cum
707 1731 876 1777 iterum
910 1747 996 1778 rex
1028 1747 1187 1778 coram
1220 1748 1270 1778 se
1295 1736 1563 1778 revocasset

153 1823 207 1854 ac
231 1806 450 1855 suaderet
468 1806 536 1854 eis
556 1814 606 1854 ut
626 1806 1042 1863 concordarentur,
1075 1806 1173 1854 dux
1197 1806 1428 1853 Arvordie
1452 1823 1563 1869 pro-

149 1883 261 1947 jecit
280 1883 469 1930 vadium
494 1900 630 1930 suum
656 1883 701 1929 in
731 1889 924 1939 terram,
955 1882 1082 1946 quod
1110 1900 1223 1930 mox
1249 1900 1274 1930 a
1301 1883 1418 1930 duce
1443 1886 1565 1930 Mor-

154 1959 400 2007 duoldensi
425 1959 670 2006 collectum
697 1966 784 2007 est.
816 1962 942 2007 Tunc
964 1976 1049 2006 rex
1075 1959 1342 2023 indignatus
1368 1976 1566 2023 respon-

155 2036 225 2084 dit
243 2036 370 2099 quod
388 2053 474 2099 per
493 2053 542 2084 se
559 2036 631 2083 vel
659 2052 744 2099 per
766 2036 870 2083 illos
890 2035 1008 2083 duos
1027 2052 1265 2098 nunquam
1287 2053 1379 2099 pax
1400 2053 1564 2083 eorum

157 2114 479 2176 perficeretur,
518 2113 844 2175 ordinavitque
879 2113 1220 2160 sentencialiter
1257 2118 1310 2160 ut
1345 2113 1433 2176 ipsi
1466 2129 1567 2160 cer-

157 2196 312 2237 tarent
338 2189 472 2237 simul
500 2189 625 2252 apud
651 2190 817 2237 urbem
845 2190 1327 2238 Conventrenensern¹
1357 2190 1432 2238 die
1461 2190 1567 2238 lune

159 2267 347 2314 instanti
384 2266 430 2312 in
465 2282 623 2313 mense
650 2267 855 2331 augusti,
892 2273 938 2314 et
971 2267 1098 2331 quod
1130 2267 1304 2315 ibidem
1343 2273 1567 2315 annueret

159 2343 314 2389 locum
340 2341 398 2388 ad
422 2340 720 2389 duellandum
748 2348 931 2406 aptum.

226 2421 360 2467 Anno
392 2424 656 2481 prenotato,
695 2419 868 2467 scilicet
899 2419 952 2467 M⁰
986 2419 1092 2468 000ο
1124 2419 1425 2484 nonagesimo
1462 2425 1564 2476 vn⁰‚

163 2495 334 2543 mortui
361 2500 467 2543 sunt
495 2495 775 2543 revertendo
800 2496 859 2543 de
885 2495 1086 2559 Turquia
1115 2513 1273 2543 comes
1294 2495 1564 2553 Aucensis²‚

215 2655 248 2691 1.
270 2653 478 2702 Coventry.

214 2713 248 2750 2.
271 2714 445 2762 Philippe
465 2712 649 2761 d⁷Art0is,
672 2720 796 2751 comte
817 2714 926 2759 d’Eu,
947 2721 1104 2752 mourut
1125 2715 1158 2751 le
1183 2716 1226 2752 15
1243 2714 1329 2763 juin
1352 2714 1455 2751 1397.
