1941 3294
403 359 469 396 162
672 361 1040 395 CHRONOGRAPHIA
1064 361 1216 394 REGUM
1239 362 1519 395 FRANCORUM.
1575 359 1605 405 [1
1613 359 1719 395 3984
1727 359 1794 395 399

400 439 642 487 hominum
669 455 906 486 armorum
933 437 991 485 de
1016 438 1270 501 Arragonia
1300 443 1346 486 et
1372 428 1651 496 Cathalo'nia,
1681 456 1798 502 quo-

398 531 504 563 rum
524 515 791 578 capitaneus
812 520 911 561 erat
932 529 1079 576 nepos
1100 516 1238 576 Pape,
1262 515 1341 577 qui
1368 515 1591 578 putabant
1614 515 1797 562 venisse

398 591 456 638 ad
496 598 683 654 tempus
724 595 1012 653 competens,
1049 595 1101 636 ut
1134 592 1306 653 Papam
1344 590 1390 637 in
1431 606 1563 637 suam
1597 591 1796 654 patriam

397 667 754 714 conducerent¹.
792 665 1031 712 Habebant
1066 665 1189 712 enim
1224 667 1269 713 in
1304 666 1398 713 suis
1430 665 1610 713 vexillis
1642 666 1797 713 Chris-

396 749 495 791 tum
529 743 802 791 crucifixum
836 741 1073 804 depictum
1107 747 1153 788 et
1187 743 1450 806 ymaginem
1488 742 1621 789 beate
1654 742 1795 790 Marie

394 819 611 883 Virginis,
649 825 870 880 tanquam
907 822 1068 864 contra
1109 818 1323 866 Infideles
1357 824 1403 866 et
1437 818 1544 865 fidei
1581 817 1796 866 inimicos

394 895 631 942 certaturi.
663 899 728 942 Eo
760 899 871 941 tunc
902 899 1028 940 tanta
1060 899 1162 941 orta
1194 900 1266 942 est
1297 895 1552 942 mortalitas
1583 895 1629 941 in
1660 894 1796 943 dictis

392 971 551 1035 galeiS,
577 970 704 1033 quod
725 970 876 1018 media
898 987 1008 1033 pars
1031 987 1195 1018 eorum
1214 972 1261 1018 in
1286 988 1454 1034 aquam
1475 971 1682 1036 projecta
1702 975 1792 1018 est.

455 1051 521 1093 Eo
540 1053 754 1110 tempore
774 1063 924 1109 nepos
943 1049 1066 1109 Pape
1091 1047 1342 1110 predictus,
1367 1064 1473 1095 curn
1493 1064 1579 1095 suo
1603 1047 1795 1095 consilio

389 1123 562 1186 pluries
581 1123 743 1170 habuit
763 1123 1044 1186 colloquium
1064 1140 1170 1170 cum
1187 1124 1584 1171 ambaxiatoribus
1603 1124 1792 1172 Francie

387 1205 432 1246 et
454 1199 736 1261 quibusdam
756 1198 1067 1246 cardinalibus
1087 1198 1213 1262 apud
1239 1198 1564 1246 Bellicadrum.
1589 1199 1795 1247 Tandem

386 1293 501 1323 vero
532 1276 620 1339 ipsi
653 1276 1020 1340 Arragonienses
1054 1274 1376 1322 fortitudinem
1410 1275 1794 1322 Avinionensium

387 1352 753 1409 considerantes,
784 1352 962 1400 confusi
990 1352 1048 1399 ad
1075 1357 1233 1414 partes
1259 1368 1367 1399 suas
1391 1351 1675 1399 redierunt2.

451 1433 576 1476 Tunc
610 1429 839 1492 temporis
877 1445 996 1493 pons
1031 1428 1244 1475 Avinioni
1277 1429 1491 1476 firmatus
1527 1433 1597 1475 est
1631 1427 1794 1492 ligneis

388 1505 751 1568 propugnaculis
762 1506 798 1552 3.

431 1648 463 1682 1.
489 1659 506 1679 «
528 1645 627 1682 Cum
650 1650 754 1681 certo
776 1649 960 1692 apparatu
981 1644 1193 1692 galearum,
1219 1659 1234 1678 »
1257 1645 1353 1680 ecrit
1383 1655 1477 1681 avec
1502 1655 1577 1691 peu
1597 1644 1643 1681 de
1663 1645 1791 1692 preci-

385 1703 471 1740 sion
500 1703 665 1739 l'auteur
690 1703 803 1739 d’une
832 1703 993 1739 relation
1019 1703 1169 1749 puhliee
1196 1714 1265 1750 par
1295 1703 1440 1739 Baluze
1474 1704 1574 1747 (Vaae
1604 1705 1793 1748 Paparum

382 1764 707 1807 Avenionensium,
736 1767 763 1798 t.
792 1761 844 1808 ΙΙ,
873 1762 945 1798 col.
980 1762 1097 1805 1125).
1120 1782 1166 1788 —-
1194 1761 1333 1797 «Item
1359 1761 1416 1798 los
1442 1761 1567 1797 amixs
1597 1761 1657 1798 del
1686 1761 1792 1808 Papa

387 1834 403 1854 «
426 1820 534 1856 seron
555 1831 649 1867 gran
672 1820 827 1856 armada
847 1820 892 1856 de
914 1819 1056 1867 galeias
1078 1831 1097 1856 e
1119 1819 1165 1856 de
1186 1831 1280 1866 gens
1305 1819 1471 1856 d’armas
1492 1830 1562 1866 por
1581 1830 1678 1856 anar
1697 1831 1791 1857 con-

386 1892 401 1913 «
424 1885 484 1915 tra
504 1879 541 1915 la
562 1879 702 1915 sieutat
717 1879 987 1915 d’Avinhon...
1011 1884 1049 1915 et
1068 1879 1240 1925 partiron
1255 1878 1450 1926 d’Aragon
1469 1879 1503 1915 lo
1521 1879 1609 1926 jorn
1623 1879 1792 1925 premier

385 1936 471 1973 «de
499 1937 700 1973 desembre
730 1938 806 1973 l’an
836 1948 909 1984 que
940 1948 1018 1981 SUS,
1050 1949 1070 1973 e
1099 1937 1207 1973 foron
1227 1937 1370 1973 davant
1391 1937 1428 1973 la
1447 1937 1587 1973 sieutat
1616 1936 1746 1973 d'Arle
1769 1948 1791 1973 a

385 2011 401 2031 «
424 2009 448 2032 x
468 1997 515 2033 de
532 1997 686 2044 jonoier
706 2002 744 2033 et
764 1997 853 2044 aqui
875 1996 1104 2032 demoreron
1127 2002 1184 2033 tro
1207 2008 1281 2033 xxv
1301 1996 1346 2032 de
1364 1995 1558 2043 jonoier...
1582 1996 1681 2032 Item
1701 2007 1790 2043 par-

384 2070 400 2089 «
422 2056 524 2092 tiron
551 2057 608 2091 las
635 2056 781 2103 galeias
812 2055 945 2092 d'Arle
974 2056 1009 2092 10
1037 2055 1125 2101 jorn
1152 2067 1227 2091 xxv
1256 2055 1301 2091 de
1324 2055 1475 2102 jonoier
1501 2066 1570 2102 por
1602 2066 1698 2091 anar
1723 2066 1790 2092 ves

385 2127 400 2148 t(
423 2113 609 2150 Avinhon
629 2119 667 2149 et
688 2125 783 2150 eran
804 2113 925 2149 fustas
945 2118 1030 2149 tant
1050 2124 1222 2160 pauquas
1242 2118 1326 2149 tant
1347 2124 1478 2160 grosas
1500 2113 1591 2160 xviij
1609 2113 1754 2160 galeias
1769 2124 1790 2149 e

384 2185 400 2206 «
423 2172 592 2209 d’autras
612 2172 752 2220 petitas
773 2173 895 2208 fustas
915 2173 979 2219 viij
1005 2187 1020 2206 >›
1044 2175 1216 2219 (Journal
1239 2175 1281 2209 de
1307 2173 1489 2208 Bertrand
1509 2174 1663 2218 Boysset,
1685 2172 1785 2208 Bibl.

381 2235 476 2276 nat„
501 2230 612 2266 fonds
632 2230 754 2278 franc.
777 2230 883 2276 5728,
908 2230 971 2266 fol.
990 2230 1030 2266 31
1056 2232 1123 2275 v0).

426 2289 459 2324 2.
485 2302 499 2323 (ι
524 2290 577 2325 Lo
593 2289 681 2336 jorn
701 2300 750 2325 xv
770 2288 814 2324 de
834 2288 1016 2324 febrier...
1039 2289 1353 2325 s'enretorneron
1376 2299 1424 2324 en
1445 2289 1506 2324 lur
1525 2288 1622 2335 pais,
1639 2292 1787 2335 eseptat

382 2361 398 2382 «
420 2353 554 2395 quatre
576 2359 708 2395 grosas
729 2347 874 2394 galeias
905 2358 926 2384 e
958 2359 1035 2384 una
1062 2348 1213 2394 galeota
1240 2359 1313 2395 que
1335 2358 1514 2384 remaron
1540 2358 1609 2394 por
1629 2347 1787 2384 atendre

382 2420 396 2441 «
421 2407 458 2443 la
489 2412 661 2454 resposta
693 2406 753 2443 del
785 2411 1023 2443 tractament
1053 2406 1309 2454 davantdig...
1344 2420 1359 2442 ι)
1391 2407 1465 2442 Les
1493 2412 1628 2454 quatre
1658 2407 1787 2453 galeas

380 2466 569 2513 partirent,
601 2466 866 2502 elles-memes
899 2465 1052 2502 d'Arles
1081 2467 1114 2502 le
1148 2467 1166 2502 3
1197 2477 1301 2502 mars
1336 2467 1507 2513 (Journal
1537 2467 1579 2501 de
1605 2467 1787 2502 Berlrand

380 2528 535 2571 Boysset,
558 2525 659 2561 Bibl.
684 2531 780 2571 nat„
803 2524 913 2561 fonds
934 2525 1055 2573 franc.
1081 2525 1184 2571 5728,
1209 2525 1272 2562 fol.
1297 2525 1340 2562 32
1362 2530 1429 2569 νο).

424 2583 458 2619 3.
484 2596 498 2617 α
522 2583 621 2619 Item
643 2583 677 2618 lo
700 2582 830 2629 colege
851 2593 871 2618 e
892 2583 928 2618 la
948 2583 1089 2618 sieutat
1117 2582 1341 2619 d'Avinhon
1370 2587 1526 2619 sentent
1546 2592 1566 2618 e
1592 2582 1728 2618 sabent
1750 2582 1785 2618 la.

381 2655 397 2675 «
421 2641 598 2688 venguda
619 2640 663 2677 de
686 2641 741 2676 las
763 2640 919 2687 galeias,
943 2641 1051 2677 seron
1073 2642 1293 2677 encastelar
1313 2642 1349 2677 10
1362 2647 1456 2687 pont
1477 2639 1745 2678 d'Avinhon...
1763 2651 1784 2677 e

383 2714 397 2735 α
422 2700 538 2736 d'una
559 2702 697 2736 arcada
726 2711 748 2735 a
777 2699 913 2735 l'autra
942 2711 1054 2746 grosa
1081 2700 1225 2736 cadeua
1255 2711 1327 2747 que
1358 2700 1459 2736 fusta
1485 2711 1562 2736 non
1584 2699 1619 2735 lo
1640 2710 1783 2746 pogues

383 2773 399 2792 «
421 2770 546 2806 pasar.
561 2788 589 2796 ..
626 2773 642 2792 »
679 2760 848 2805 (Journal
881 2760 922 2794 de
955 2761 1138 2796 Berlrand
1176 2762 1335 2806 Boysset,
1373 2759 1481 2796 fonds
1518 2758 1638 2807 franc.
1674 2758 1781 2806 5728,

382 2817 444 2853 fol.
469 2818 508 2853 31
536 2820 602 2865 v0).
