1941 3294
352 330 418 366 176
627 329 994 363 CHRONOGRAPHIA
1021 328 1172 359 REGUM
1196 326 1474 359 FRANCORUM.
1641 323 1745 370 [1399

353 429 374 454 «
405 407 622 473 quoniam
659 407 871 453 exulatus
903 423 927 451 a
958 419 1104 467 regno
1137 419 1222 466 per
1257 403 1418 450 decem
1451 418 1598 448 annos
1626 402 1747 466 judi-

350 505 370 530 «
404 486 475 533 cio
517 484 662 548 patris
706 483 776 530 sui
820 488 866 530 et
913 480 1121 527 omnium
1162 479 1391 527 baronum
1430 477 1571 525 totius
1613 479 1745 543 regni

350 580 371 605 «
402 576 602 608 unacum
651 575 761 623 rege
816 562 1011 621 propter
1068 554 1402 602 discentionem
1457 570 1548 616 que
1597 553 1746 600 fuerat

349 656 370 681 <t
400 637 520 683 inter
568 652 672 683 eum
721 639 766 681 et
809 633 976 679 ducem
1019 630 1292 678 Mortuoldie
1336 629 1451 676 citra
1493 628 1745 676 terminum

348 733 369 758 «
399 713 522 760 exilii
554 712 624 759 sui
656 716 815 758 contra
846 708 1134 755 voluntatem
1166 707 1290 770 regis
1320 721 1564 769 regressus
1598 710 1669 752 est
1698 704 1746 750 in

348 807 369 832 (ι
400 803 615 851 regnum.

413 884 432 909 «
463 865 573 912 Dico
599 863 718 910 ultra
745 861 871 924 quod
904 860 1027 907 idem
1061 851 1157 906 dux
1191 858 1391 922 pessime
1424 862 1645 920 operatus
1677 861 1747 903 est

348 959 368 985 «ι
398 941 445 987 in
475 945 700 1002 quantum
729 938 775 983 in
805 936 949 1001 regali
980 935 1097 983 solio
1133 934 1420 998 presumpsit
1451 933 1632 989 sedere,
1666 932 1745 979 ubi

347 1036 368 1061 α
400 1016 550 1063 nullus
569 1021 728 1078 preter
742 1029 902 1077 regem
917 1012 1165 1075 proprium
1179 1017 1452 1058 coronatum
1465 1009 1601 1073 hujus
1614 1008 1747 1072 regni

347 1111 367 1136 α
397 1091 502 1138 licet
533 1091 715 1138 sedere.
745 1090 854 1137 Dico
881 1105 994 1153 ergo
1025 1088 1113 1135 hiis
1137 1087 1378 1150 premissis
1404 1086 1531 1149 quod
1563 1085 1745 1132 debetis

345 1187 366 1211 ι(
394 1183 563 1214 vocare
597 1182 757 1230 regern
793 1164 1074 1212 Richardum
1108 1163 1153 1210 in
1192 1162 1432 1226 presencia
1466 1161 1743 1208 Parlamenti

346 1263 366 1288 <1
398 1243 456 1290 ad
479 1242 763 1290 audiendum
788 1241 1002 1288 raciones
1028 1239 1127 1304 ejus
1153 1245 1199 1286 et
1225 1238 1283 1285 ad
1306 1238 1547 1285 sciendum
1573 1237 1610 1284 si
1635 1237 1746 1284 velit

347 1339 367 1364 c(
398 1336 600 1367 annuere
636 1318 844 1382 presenti
880 1317 985 1364 duci
1027 1331 1248 1362 coronam
1285 1330 1435 1370 suam,
1474 1313 1548 1360 vel
1580 1329 1690 1359 non.
1721 1331 1742 1356 i>

343 1398 551 1458 Cumque
583 1395 676 1442 suis
704 1394 861 1441 verbis
896 1394 1035 1440 finem
1063 1391 1284 1445 dedisset,
1321 1390 1417 1437 dux
1450 1405 1536 1452 per
1570 1405 1747 1436 mares-

343 1472 508 1519 callum
534 1487 669 1518 suum
690 1470 798 1517 fecit
823 1485 931 1516 eum
951 1468 1053 1530 capi
1080 1472 1127 1514 et
1146 1466 1252 1513 duci
1271 1466 1317 1512 in
1337 1481 1571 1512 carcerem
1593 1464 1746 1512 Sancti

341 1548 548 1595 Albani1.
582 1549 681 1604 Quo
707 1547 828 1592 facto
861 1543 1168 1592 deliberatum
1193 1547 1264 1589 est
1292 1547 1338 1588 et
1367 1541 1637 1588 conclusum
1660 1556 1747 1603 per

342 1623 687 1671 Londonienses
707 1622 982 1683 nobilesque
999 1626 1044 1667 et
1063 1619 1267 1682 prelatos
1286 1618 1417 1681 regni
1437 1617 1598 1681 Anglie
1618 1616 1744 1680 quod

341 1700 573 1748 Johannes
599 1698 657 1744 de
680 1696 955 1760 Burdegala‚
981 1695 1131 1742 dictus
1153 1693 1427 1749 Richardus‚
1451 1709 1535 1740 rex
1561 1693 1741 1757 Anglie,

342 1781 572 1838 perpetuo
606 1773 779 1821 carceri
811 1772 1172 1835 manciparetur,
1208 1770 1285 1817 tali
1321 1769 1585 1816 conditione
1615 1769 1742 1832 quod

343 1851 716 1914 quandocunque
742 1855 939 1912 propter
965 1850 1065 1909 ejus
1085 1846 1457 1909 redemptionem
1484 1846 1747 1909 insurgeret

342 1927 641 1991 congregatio
676 1926 917 1972 hominum
946 1939 1204 1979 armorum,
1237 1923 1337 1985 ipse
1371 1922 1525 1986 primo
1560 1928 1607 1968 et
1641 1927 1746 1968 ante

343 2004 496 2051 omnia
529 2008 809 2058 moreretur,
845 2001 1066 2064 quodque
1096 1999 1239 2047 tercia
1267 1999 1445 2045 decima
1472 1998 1546 2045 die
1572 1997 1746 2045 mensis

342 2081 550 2128 octobris
570 2079 787 2143 proximo
805 2078 1017 2141 sequenti
1037 2077 1133 2124 dux
1153 2077 1253 2139 ipse
1273 2075 1501 2122 Henricus
1522 2075 1567 2122 in
1584 2092 1745 2139 regem

345 2162 667 2204 coronaretur.

408 2233 565 2281 Tercia
600 2248 712 2278 vero
743 2231 816 2277 die
843 2229 1137 2287 Parlamenti‚
1170 2229 1339 2292 jactata
1366 2228 1555 2276 fuerunt
1580 2228 1626 2275 in
1652 2234 1747 2275 ter-

342 2327 443 2358 ram
465 2310 712 2373 plusquam
735 2322 795 2354 XL
824 2306 956 2353 vadia
984 2305 1213 2352 baronum
1239 2305 1401 2368 Anglie
1431 2306 1551 2352 inter
1574 2322 1624 2351 se
1652 2304 1747 2352 dis-

344 2385 642 2434 cordancium
663 2389 858 2447 propter
877 2382 1121 2428 falsitatem
1139 2388 1184 2428 et
1205 2381 1503 2429 traditionem
1522 2399 1638 2445 quas
1660 2382 1747 2429 sibi

344 2469 506 2510 mutuo
537 2460 857 2524 imponebant.
897 2457 1150 2506 Waldanus
1183 2458 1328 2504 eciam
1370 2458 1747 2521 archiepiscopus

347 2537 686 2588 Cantuariensis
707 2554 731 2583 a
753 2553 834 2582 sua
855 2534 963 2581 sede
981 2534 1339 2596 metropolitana
1361 2534 1582 2597 expulsus
1602 2534 1686 2580 fuit
1702 2540 1749 2581 et

346 2621 592 2671 arestatus,
616 2614 789 2661 Thoma
810 2611 868 2659 de
887 2610 1155 2668 Arondello,
1181 2610 1379 2657 condam
1398 2610 1747 2674 archiepiscopo

401 2758 428 2792 1.
453 2755 749 2791 Saint-Albans.
