1941 3294
347 340 413 377 138
616 341 985 375 CHRONOGRAPHIA
1009 341 1162 374 REGUM
1185 341 1463 373 FRANCORUM.
1633 335 1737 382 [1397

344 423 552 471 sinerent
577 437 657 469 eos
684 420 895 484 fugere1.
923 418 1086 466 Franci
1111 419 1253 483 igitur
1278 424 1324 466 et
1351 418 1414 465 hii
1441 417 1519 480 qui
1542 433 1648 465 cum
1671 417 1737 464 eis

343 503 498 555 erant,
539 497 741 560 primam
774 500 1030 544 Turcorum
1071 495 1215 542 aciem
1253 495 1298 542 in
1335 511 1427 557 qua
1463 500 1595 540 erant
1633 493 1737 556 plus

342 591 483 637 quam
512 574 609 637 viijM
637 573 878 620 hominum
909 571 1233 634 aggredientes
1261 577 1366 618 ante
1392 576 1606 632 quartam
1631 585 1739 632 par-

342 658 436 698 tem
478 651 613 698 unius
661 650 775 696 hore
824 648 1026 694 victores
1069 647 1272 694 fuerunt.
1320 650 1419 704 Quo
1463 646 1584 692 facto
1634 661 1739 692 cum

343 726 568 774 vexillifer
611 714 773 772 eorum
792 761 802 779 ,
850 722 1134 769 admiraldus
1177 722 1235 770 de
1276 722 1476 777 Vienna,
1521 721 1739 768 comitem

341 803 676 850 Nivernensem
700 801 966 847 hortaretur
985 803 1036 845 ut
1060 798 1428 853 retrocederent,
1458 813 1740 860 responsum

341 878 501 926 habuit
525 877 584 924 ab
606 893 660 923 eo
683 875 808 939 quod
835 876 959 922 lente
979 880 1024 921 et
1044 874 1360 921 inconstanter
1384 874 1638 937 pugnabat.

406 963 639 1006 Irruentes
656 958 813 1021 igitur,
832 956 956 1004 dicto
974 956 1230 1003 vexillifero
1247 962 1489 1018 preeunte,
1509 955 1556 1002 in
1578 971 1741 1002 secun-

341 1035 449 1082 dam
473 1038 729 1081 Turcorum
756 1032 902 1079 aciem
927 1048 1038 1078 mox
1057 1032 1103 1078 in
1127 1031 1402 1079 debiliorem
1421 1037 1604 1094 partem
1624 1030 1741 1078 ceci-

341 1111 528 1168 derunt,
564 1111 626 1157 ita
663 1116 714 1157 ut
744 1125 907 1156 omnes
939 1126 965 1155 a
1000 1108 1295 1155 multitudine
1330 1108 1532 1155 hostium
1563 1108 1742 1154 circon-

341 1187 458 1250 septi
489 1187 664 1234 ibidem
690 1186 762 1233 vel
795 1185 986 1232 extincti
1013 1184 1086 1232 vel
1119 1184 1242 1246 capti
1271 1190 1395 1240 sunt,
1424 1183 1606 1246 exeptis
1636 1183 1739 1247 (sio)

341 1266 429 1312 hiis
462 1264 540 1327 qui
574 1264 682 1327 fuge
711 1263 968 1326 presidium
995 1269 1264 1326 querentes,
1298 1259 1523 1307 tutamina
1555 1260 1742 1306 navium

342 1340 609 1404 petebant?
651 1339 843 1386 Interim
883 1356 994 1386 vero
1029 1338 1150 1386 acies
1189 1341 1448 1385 Turcorum
1487 1351 1578 1398 que
1613 1341 1742 1383 retro

341 1422 489 1472 erant,
518 1433 566 1463 se
592 1421 832 1462 traxerant
849 1431 1013 1462 versus
1034 1418 1277 1478 Hungaros
1297 1412 1377 1475 qui
1396 1417 1527 1458 erant
1547 1411 1605 1458 ad
1628 1412 1743 1460 dex-

341 1499 491 1539 teram
518 1498 700 1555 partem
735 1491 866 1554 quasi
900 1506 1097 1538 numero
1121 1499 1170 1538 1³³¹
1206 1489 1446 1536 hominum
1481 1504 1738 1535 armorum.

340 1569 411 1616 Hii
441 1569 652 1615 videntes
672 1571 846 1615 Turcos
872 1567 1128 1614 accelerare
1155 1566 1214 1614 ad
1240 1583 1308 1621 se,
1336 1581 1428 1612 non
1449 1564 1743 1612 obstantibus

342 1645 467 1709 regis
502 1645 571 1692 sui
604 1644 809 1698 monitis,
850 1644 928 1707 qui
959 1660 1039 1690 eos
1068 1644 1126 1691 ad
1164 1642 1457 1706 preliandum
1489 1641 1739 1697 animabat,

342 1738 452 1769 mox
478 1728 609 1784 terga
636 1727 870 1767 vertentes
890 1719 1108 1784 fugerunt
1132 1735 1298 1766 versus
1322 1718 1517 1765 fluvium*
1541 1717 1638 1764 sine
1663 1717 1744 1764 ali-

340 1816 431 1861 qua
457 1797 726 1845 reversione
746 1796 804 1843 ad
832 1813 1039 1860 pugnam
1061 1796 1134 1843 vel
1154 1795 1308 1858 aliquo
1329 1794 1598 1850 certamine,
1621 1794 1744 1841 inse-

340 1875 591 1938 quentibus
626 1890 707 1920 eos
747 1873 907 1920 Turcis
944 1889 1094 1935 usque
1131 1872 1189 1919 ad
1227 1871 1518 1925 Danubium,
1563 1870 1610 1917 in
1648 1887 1743 1933 quo

340 1950 576 2013 navigium
603 1964 765 1996 eorum
791 1952 909 2000 erat,
938 1947 1018 1994 ubi
1043 1952 1252 1994 tutamen
1276 1946 1405 1994 fluvii
1430 1952 1528 1993 tam
1553 1962 1610 1993 ex
1631 1952 1743 1993 voto

340 2042 482 2089 quam
504 2042 563 2072 ex
586 2024 848 2072 necessario
874 2025 995 2071 nacti
1022 2029 1146 2070 sunt.

404 2107 684 2155 Occiderant
709 2111 866 2153 autem
890 2105 1062 2152 multos
1079 2104 1159 2167 qui
1180 2104 1328 2151 nullas
1347 2103 1581 2151 habebant
1600 2118 1743 2150 naves

341 2189 387 2231 et
407 2183 587 2246 aliquos
605 2183 663 2230 de
684 2182 907 2229 fratribus
929 2180 1178 2244 Hospitalis
1196 2180 1441 2228 Rodiensis
1467 2180 1546 2243 qui
1572 2179 1645 2227 hic
1662 2196 1744 2243 per

340 2259 586 2307 Brachium
607 2258 757 2306 Sancti
787 2257 972 2322 Georgii
996 2263 1043 2304 et
1067 2257 1176 2304 inde
1199 2257 1245 2303 in
1272 2256 1533 2304 Danubium
1558 2256 1742 2320 navigio

339 2335 722 2384 descenderant3.
762 2334 924 2382 Plures
956 2350 1156 2397 namque
1194 2333 1529 2381 transnatando
1568 2332 1742 2380 flumen

390 2515 422 2550 1.
445 2513 500 2550 Cf.
523 2513 631 2550 l'avis
651 2512 779 2549 donne
796 2523 872 2548 aux
893 2511 1035 2548 croises
1054 2522 1122 2558 par
1142 2512 1177 2547 le
1198 2511 1254 2548 roi
1268 2511 1314 2548 de
1328 2510 1500 2558 Hongrie
1522 2510 1743 2556 (Chronique

341 2575 391 2610 du
411 2575 596 2618 Reliqieua:
615 2574 656 2608 de
674 2572 940 2616 Saint-Denm
963 2577 990 2607 t.
1014 2570 1066 2615 H,
1087 2582 1123 2617 p.
1146 2571 1213 2607 488
1234 2576 1271 2607 et
1291 2570 1386 2614 490).

388 2633 422 2669 2.
446 2633 652 2676 Chronique
671 2632 723 2666 du
742 2631 928 2675 Retiyoeuae
947 2631 988 2665 de
1009 2630 1267 2675 Saint-Denys,
1288 2634 1316 2665 t.
1338 2629 1390 2674 Π,
1412 2639 1447 2675 p.
1472 2628 1552 2664 510.

391 2690 424 2726 3.
447 2689 639 2725 Froissart
661 2688 731 2734 (ed.
754 2688 916 2734 Kervyn
942 2686 986 2723 de
1013 2687 1268 2733 Lettenhove,
1288 2692 1316 2723 t.
1340 2686 1431 2732 XV,
1454 2697 1490 2732 p.
1514 2685 1595 2733 316,
1617 2685 1684 2722 317
1705 2691 1743 2722 et

344 2749 424 2795 358)
445 2753 604 2784 raconte
624 2757 697 2795 que
717 2747 752 2783 le
773 2746 895 2794 grand
915 2745 1053 2783 maitre
1075 2756 1196 2783 sauva
1215 2746 1250 2782 le
1273 2745 1327 2782 roi
1347 2745 1393 2781 de
1411 2744 1583 2792 Hongrie
1604 2744 1638 2780 le
1655 2744 1744 2792 jour

343 2808 388 2844 de
410 2808 446 2844 la
464 2807 632 2844 bataille.
