1941 3294
348 271 415 306 216
620 274 988 306 CHRONOGRAPHIA
1013 273 1166 304 REGUM
1189 272 1467 305 FRANCORUM.

346 367 494 413 usque
512 350 569 397 ad
588 355 774 398 centum
793 350 934 406 mille,
955 365 1045 412 que
1060 365 1196 396 causa
1215 348 1457 396 brevitatis
1477 364 1571 395 non
1587 348 1743 411 expri-

345 435 537 477 muntur
559 429 649 476 hic.

409 504 519 551 Fide
543 507 823 552 Sarracenus
845 509 916 550 est
940 503 1026 549 iste
1051 503 1350 550 Temurlanus
1373 507 1419 548 et
1439 501 1555 548 dure
1578 502 1741 565 pugnit

344 597 396 628 ac
416 579 608 643 castigat
624 579 725 626 illos
746 579 824 641 qui
843 594 935 624 non
954 584 1113 625 tenent
1131 579 1339 642 regulam
1359 580 1736 634 Sarracenorum‚

343 663 390 704 et
415 656 616 703 maxime
642 656 810 703 acriter
832 654 1022 718 corrigit
1048 655 1329 702 Christianos
1361 659 1555 716 propter
1581 669 1742 716 pecca-

341 740 441 780 tum
474 733 683 780 sodomie
714 731 841 794 quod
873 731 1146 778 mirabiliter
1172 731 1270 778 odit
1301 747 1443 794 super
1472 729 1627 776 omnia
1657 729 1741 777 alia

341 816 547 872 peccata.
571 808 739 855 Habuit
759 824 960 870 namque
980 807 1231 854 maximam
1249 806 1612 870 indignationem
1632 822 1743 852 con-

340 894 412 934 tra
437 887 564 949 ipsos
590 894 634 932 et
662 902 742 932 eos
768 885 876 932 odio
902 885 1062 932 habuit
1088 885 1250 941 nimis3
1280 884 1363 931 sed
1389 883 1530 931 modo
1548 889 1742 946 propter

340 963 514 1024 aliquas
541 962 743 1009 rationes
769 979 884 1024 quas
910 961 1085 1009 audivit
1110 979 1135 1008 a
1159 961 1302 1008 fratre
1323 961 1545 1017 Johanne,
1567 960 1742 1007 archie-

339 1038 532 1100 piscopo
559 1038 777 1094 Soltanie‚
802 1044 849 1084 et
871 1037 1015 1084 fratre
1033 1037 1294 1093 Francisco‚
1325 1036 1501 1083 ordinis
1529 1035 1741 1084 Predica-

338 1121 512 1171 torum,
555 1114 662 1161 fidei
698 1114 952 1162 Christiane
989 1114 1218 1160 honorem
1255 1120 1302 1159 et
1339 1112 1740 1160 confirmationem

338 1195 598 1253 tangentes,
623 1191 733 1237 satis
759 1196 829 1236 est
850 1207 874 1236 a
898 1189 967 1236 sui
989 1189 1168 1236 malicia
1192 1196 1237 1235 et
1257 1189 1452 1235 falsitate
1473 1193 1676 1235 mutatus
1696 1194 1742 1236 et

338 1266 535 1313 libenter
553 1266 680 1313 videt
706 1266 988 1314 Christianos
1013 1272 1058 1312 et
1085 1266 1150 1313 eis
1177 1265 1375 1329 gratiam
1402 1264 1737 1328 imparciendo‚

339 1343 511 1390 nullam
561 1342 836 1389 violenciam
886 1342 993 1389 facit
1035 1348 1262 1405 quantum
1304 1342 1362 1389 ad
1406 1341 1547 1389 fidem
1590 1341 1742 1389 Chris-

338 1419 509 1465 tianam
529 1425 575 1465 et
595 1418 855 1481 specialiter
874 1418 1078 1474 Francis,
1100 1418 1273 1465 scilicet
1297 1418 1468 1465 Latinis
1499 1436 1508 1464 ε
1533 1418 1598 1465 sic
1617 1417 1741 1465 enim

336 1496 464 1558 large
502 1501 690 1557 sumpto
726 1495 953 1542 vocabulo
989 1502 1126 1542 vocat
1163 1495 1280 1542 sicut
1314 1494 1486 1541 faciunt
1523 1494 1655 1541 Turci
1694 1500 1739 1541 et

336 1588 497 1618 omnes
524 1571 609 1617 alie
638 1571 945 1618 transmarine
978 1571 1188 1617 nationes
1213 1587 1374 1618 omnes
1406 1570 1608 1617 Latinos.
1633 1571 1739 1628 Qui-

334 1646 421 1693 bus
463 1647 689 1694 concessit
723 1647 768 1693 in
813 1663 894 1694 sua
938 1646 1088 1710 patria
1122 1646 1372 1693 liberaliter
1412 1640 1514 1693 esse
1552 1653 1598 1693 et
1629 1662 1738 1709 per-

333 1723 474 1770 mittit
506 1723 633 1785 quod
659 1723 705 1770 in
738 1722 902 1770 eadem
926 1723 1013 1784 ipsi
1046 1722 1229 1786 possint
1260 1722 1327 1769 uti
1359 1739 1441 1770 sua
1472 1722 1581 1779 fide,
1611 1723 1738 1786 quod

332 1799 530 1846 habeant
564 1800 780 1847 ecclesias
815 1806 861 1846 et
895 1800 1062 1846 faciant
1097 1799 1304 1846 divinum
1339 1799 1588 1846 servicium
1621 1799 1740 1846 sicut

331 1875 535 1922 facerent
575 1876 622 1922 in
655 1876 1013 1931 Christianitate‚
1054 1881 1099 1923 et
1136 1876 1338 1922 maxime
1378 1875 1732 1923 mercatoribus.

331 1953 419 1998 Sua
441 1951 694 1998 devocione
714 1953 814 2015 ipse
834 1952 1079 2015 quinquies
1093 1955 1238 1999 Deum
1260 1958 1361 1998 orat
1380 1958 1426 1999 et
1446 1952 1667 2009 breviter,
1690 1952 1738 1999 in

331 2042 627 2088 quocumque
654 2027 754 2073 loco
782 2028 857 2083 sit,
888 2027 1097 2074 faciendo
1129 2043 1290 2073 omnes
1323 2026 1599 2074 cerimonias
1622 2044 1737 2090 quas

332 2103 502 2150 faciunt
527 2103 790 2161 Sarraceni3
819 2104 902 2151 sed
930 2120 1071 2166 super
1099 2120 1261 2150 omnes
1293 2103 1503 2151 nationes
1531 2103 1736 2167 perfecte

331 2177 430 2224 odit
454 2178 645 2225 Judeos.

395 2255 687 2318 Aliquociens
734 2255 867 2318 fingit
917 2272 966 2303 se
1009 2255 1178 2303 vidisse
1224 2256 1296 2303 vel
1335 2256 1517 2304 audisse
1559 2256 1735 2319 aliquas

333 2331 533 2378 visiones
566 2332 838 2395 angelorum
871 2339 917 2379 et
946 2332 1055 2379 dicit
1086 2333 1212 2396 quod
1245 2350 1481 2396 nunquam
1513 2333 1620 2380 fecit
1650 2349 1736 2381 nec

331 2407 435 2454 facit
463 2425 543 2454 seu
564 2408 714 2455 facere
735 2409 879 2455 voluit
897 2410 1283 2473 qualemcumque
1304 2426 1421 2465 rem,
1444 2410 1528 2456 nisi
1551 2409 1610 2456 de
1629 2426 1735 2472 spe-

331 2483 430 2529 ciali
467 2484 696 2531 mandato·
718 2484 815 2531 Dei.
851 2488 906 2531 Et
942 2485 1059 2532 dixit
1093 2487 1220 2548 quod
1252 2486 1453 2548 quadam
1487 2485 1586 2532 vice
1618 2485 1735 2532 vidit

331 2560 499 2606 scalam
519 2560 576 2606 de
601 2567 723 2607 terra
745 2561 788 2606 in
809 2561 958 2607 celum
978 2568 1179 2608 erectam
1197 2568 1242 2608 et
1263 2562 1477 2625 angelum
1497 2561 1575 2624 qui
1595 2578 1734 2608 voca-

331 2636 398 2682 vit
423 2653 528 2683 eum
547 2637 704 2683 dicens
736 2655 744 2682 :
776 2656 794 2680 «
827 2637 961 2700 Erige
989 2644 1032 2684 te
1058 2645 1103 2684 et
1129 2638 1325 2684 ascende
1344 2638 1513 2684 scalam
1531 2638 1671 2693 hanc;
1708 2658 1728 2681 »

333 2718 377 2759 et
411 2728 521 2758 mox
554 2729 658 2760 cum
692 2713 790 2776 ipse
824 2730 970 2776 usque
1005 2714 1061 2760 ad
1094 2714 1501 2778 quadragesimum
1532 2713 1730 2778 gradum
