1941 3294
347 328 391 364 62
619 331 987 364 CHRONOGRAPHIA
1012 331 1165 365 REGUM
1190 332 1468 366 FRANCORUM.
1637 330 1740 376 [1384

345 424 504 456 amore
528 410 652 474 regis
668 410 856 458 Francie
880 410 1101 458 auxilium
1126 412 1390 459 conferrent
1410 411 1598 459 domino
1625 413 1742 460 Cou—

345 485 488 533 chiaci
509 502 596 549 pro
620 486 737 534 duce
757 486 1039 550 Andegavie.
1064 487 1133 534 Ab
1156 487 1243 535 hiis
1269 488 1484 535 omnibus
1508 487 1659 535 dictus
1683 488 1741 535 de

345 563 577 610 Humeriis
611 562 864 609 honorifice
897 567 1112 625 receptus
1146 569 1234 620 est,
1269 580 1321 610 ac
1352 563 1671 626 promiserunt
1701 563 1743 610 ei

345 638 470 700 quod
490 639 666 685 honore
682 639 806 702 regis
823 638 1010 684 Francie
1030 638 1296 685 conferrent
1312 639 1534 686 auxilium
1552 638 1742 685 domino

343 714 580 761 Couchiaci
628 730 714 777 pro
755 714 872 761 duce
911 713 1203 777 Andegavie,
1247 720 1744 780 congregaveruntque

342 790 509 837 multas
541 790 758 852 pecunias
789 789 848 836 ad
881 789 1272 838 contribuendum
1301 791 1519 853 equidem
1552 791 1743 838 domino

344 866 633 915 Couchiaci1.

406 945 550 989 Porro
588 941 738 988 dictus
775 941 834 987 de
866 941 1097 990 Humeriis
1132 948 1373 990 revertens
1411 943 1470 990 de
1505 943 1743 991 Florencia

341 1017 399 1064 ad
425 1021 611 1073 Lucam,
642 1017 817 1065 invenit
848 1017 1089 1065 dominum
1124 1019 1363 1067 Couchiaci
1397 1036 1501 1067 cum
1535 1019 1742 1067 exercitu

340 1109 425 1140 suo
450 1094 496 1140 in
522 1094 757 1140 territorio
779 1094 1053 1152 Lucanensi,
1077 1095 1124 1142 in
1146 1112 1239 1157 quo
1265 1096 1475 1143 homines
1494 1096 1743 1144 Belvacen-

338 1170 403 1216 sis
419 1170 627 1233 episcopi
644 1171 973 1235 malegraciose
987 1188 1036 1219 se
1052 1172 1313 1219 habuerunt
1329 1189 1440 1236 erga
1456 1173 1576 1219 illius
1592 1173 1742 1235 patrie

339 1246 541 1294 incolas2
580 1265 588 1293 :
626 1248 750 1295 unde
788 1247 979 1310 quidam
1012 1264 1175 1295 eorum
1210 1248 1349 1296 occisi
1384 1254 1518 1305 sunt3
1556 1248 1614 1295 de
1648 1265 1742 1311 quo

339 1322 464 1369 idem
501 1323 750 1386 episeopus
784 1324 1072 1372 Belvacensis
1106 1324 1169 1371 ita
1202 1324 1468 1389 indignatus
1506 1330 1576 1372 est
1613 1324 1740 1388 quod

339 1399 613 1447 hortabatur
647 1401 903 1447 exercitum
940 1401 999 1448 ad
1036 1400 1291 1448 faciendam
1327 1401 1579 1448 vindictam
1617 1401 1742 1448 necis

339 1492 532 1523 suorum
558 1483 603 1523 et
629 1477 686 1523 ad
714 1476 1019 1524 obsidendam
1052 1481 1282 1524 Lucanam
1315 1478 1566 1524 civitatem.
1596 1480 1742 1524 Porro

338 1551 555 1599 dominus
573 1552 813 1600 Couchiaci
839 1552 1068 1616 mitigavit
1090 1553 1381 1617 episcopum,
1406 1553 1626 1616 quoniam
1647 1569 1741 1600 non

337 1627 584 1675 videbatur
621 1628 708 1675 sibi
748 1644 916 1675 nocere
957 1629 1043 1676 illis
1081 1629 1139 1676 de
1176 1630 1360 1678 civitate
1399 1630 1495 1677 sine
1534 1630 1740 1693 dampno

336 1703 468 1750 ducis
493 1703 779 1767 Andegavie‚
809 1704 1030 1767 quoniam
1061 1704 1120 1752 ab
1152 1706 1217 1753 eis
1245 1706 1467 1753 auxilium
1497 1722 1586 1768 pro
1617 1706 1741 1754 dicto

338 1779 455 1826 duce
482 1780 751 1842 sperabant.

401 1860 652 1918 Postquam
688 1862 843 1904 autem
877 1857 986 1906 inde
1021 1863 1338 1914 recesserunt,
1375 1858 1592 1906 dominus
1625 1861 1741 1907 Cou-

336 1932 478 1979 chiaci
507 1933 632 1980 misit
664 1932 840 1980 dictum
865 1933 923 1980 de
948 1934 1181 1980 Humeriis
1213 1934 1272 1980 ad
1304 1934 1423 1981 duos
1454 1935 1736 1998 capitaneos,

335 2026 537 2072 quorum
567 2026 684 2056 unus
711 2009 966 2056 vocabatur
989 2009 1220 2057 Johannes
1250 2009 1423 2056 d'Ache
1449 2010 1740 2058 Florentinus

335 2094 381 2132 et
402 2086 517 2132 alter
536 2086 792 2133 Richardus
810 2089 1086 2133 Rommesee
1105 2086 1342 2149 Anglims,
1368 2103 1487 2148 quos
1509 2087 1556 2133 in
1577 2103 1739 2134 eorum

387 2215 418 2249 1.
442 2214 474 2249 Il
490 2219 546 2250 est
560 2213 640 2249 vrai
655 2224 728 2260 que
751 2224 814 2250 ces
834 2214 982 2249 honnes
997 2214 1171 2250 volontes
1193 2214 1336 2250 etaient
1355 2216 1433 2251 tres
1455 2215 1651 2261 relatives,
1666 2225 1739 2261 que

335 2272 523 2308 Florenee
553 2272 680 2308 refusa
709 2278 816 2308 toute
844 2272 1105 2309 contribution
1126 2278 1163 2308 et
1183 2283 1255 2320 que
1277 2273 1436 2319 Sienne,
1458 2273 1503 2309 de
1523 2274 1588 2320 qui
1607 2274 1642 2309 18
1664 2273 1739 2309 sire

336 2330 381 2367 de
398 2330 528 2378 Coucy
542 2331 708 2377 exigeait
723 2330 854 2376 ⁶25,000
870 2331 1002 2366 ssorins
1024 2331 1115 2376 d⁷or,
1133 2332 1221 2367 n'en
1238 2343 1348 2367 versa
1363 2343 1436 2379 que
1452 2332 1573 2378 7,000‚
1589 2343 1739 2368 comme

335 2399 398 2424 me
427 2389 475 2425 l'a
504 2389 652 2435 sign-ale
683 2400 773 2425 mon
795 2389 968 2425 confrere
990 2395 1027 2425 et
1048 2390 1124 2425 ami
1147 2390 1196 2425 M.
1221 2390 1268 2425 H.
1293 2390 1477 2438 Lacaille‚
1499 2391 1563 2438 qui
1584 2401 1606 2426 a
1626 2391 1738 2426 traite

337 2458 380 2484 ce
401 2448 499 2494 sujet,
520 2448 615 2483 dans
637 2459 679 2484 sa
699 2449 807 2484 these
830 2459 895 2483 sur
915 2448 950 2484 le
971 2448 1045 2484 sire
1067 2448 1112 2484 de
1134 2448 1279 2496 Couoy.

382 2507 415 2543 2.
439 2507 638 2554 Florence,
661 2507 756 2543 dans
776 2517 853 2543 une
873 2508 985 2543 lettre
1005 2508 1143 2554 qu'elle
1170 2519 1320 2556 envoya
1340 2520 1362 2544 a
1382 2509 1542 2545 Gharles
1563 2509 1619 2544 VI
1643 2518 1738 2555 pour

337 2571 462 2602 tenter
481 2566 682 2603 d’excuser
703 2577 773 2602 son
794 2566 963 2602 hostilite
986 2572 1118 2602 contre
1139 2568 1173 2603 le
1196 2567 1269 2604 sire,
1290 2567 1334 2603 de
1357 2568 1501 2615 Coucy,
1516 2567 1651 2603 insiste
1672 2578 1737 2602 sur

337 2624 391 2660 les
412 2624 542 2672 dag-&ts
563 2635 636 2672 que
656 2625 811 2661 l'armee
832 2624 1021 2673 francaise
1043 2626 1279 2662 commettait
1294 2627 1389 2663 dans
1410 2627 1465 2663 les
1487 2636 1734 2673 campagnes,

339 2683 387 2718 M.
419 2683 600 2730 Durrieu,
621 2683 685 2731 qui
707 2683 769 2719 n'a
787 2694 855 2730 pas
876 2694 1003 2720 connu
1030 2684 1199 2721 l'edition
1230 2685 1275 2721 de
1306 2691 1405 2722 cette
1435 2686 1546 2722 lettre
1575 2684 1671 2720 dans
1700 2685 1736 2720 le

340 2741 528 2778 Froissart
557 2742 606 2778 du
636 2742 755 2778 baron
777 2743 935 2790 Kervyn
963 2743 1008 2779 (18
1035 2744 1287 2791 Lettenhove‚
1310 2746 1357 2781 l’a
1377 2745 1576 2792 imprimee
1597 2744 1619 2779 a
1639 2755 1735 2780 nou-

342 2811 437 2837 veau
458 2802 553 2837 dans
575 2803 734 2839 l'article
753 2801 838 2848 deja
857 2803 929 2839 cite
951 2803 1036 2850 plus
1056 2804 1148 2839 haut
1170 2807 1219 2850 (p.
1243 2804 1334 2850 179).
