1941 3294
309 252 375 287 ‘218
589 253 958 286 CHRONOGRAPHIA
984 253 1137 285 REGUM
1160 254 1439 286 FRANCORUM.

307 330 470 378 castris
497 336 542 377 et
573 330 620 376 in
646 329 740 377 suis
766 329 977 377 tentoriis
1007 329 1166 376 sericis
1199 330 1388 387 habitat,
1419 330 1527 393 quia
1557 333 1710 380 multi-

305 407 420 455 tudo
444 406 604 469 populi
628 405 805 468 suique
832 403 1032 451 maxima
1049 411 1136 461 est,
1160 422 1253 452 non
1275 406 1381 453 sinit
1403 422 1483 453 eos
1502 407 1710 456 habitare

308 483 354 529 in
379 482 591 530 urbibus.
615 485 831 530 Attamen
857 479 1012 527 omnia
1040 482 1295 529 necessaria
1321 488 1620 544 asportantur
1644 484 1711 532 eis

307 565 355 606 et
388 559 475 622 ipsi
501 558 709 605 vendunt
738 564 784 604 et
815 562 992 610 emunt,
1029 557 1146 604 sicut
1177 557 1347 605 faciunt
1379 558 1423 604 in
1448 558 1711 607 civitatibus

309 641 608 682 mercatores.
641 632 889 696 Deputavit
920 638 1076 679 autem
1108 633 1337 695 quosdam
1369 633 1616 682 bellatores
1641 635 1712 682 sui

307 712 539 759 exercitus
560 711 605 757 in
623 726 792 774 magno
812 725 1025 764 flumem,
1050 709 1130 771 qui
1149 710 1361 757 victualia
1380 710 1437 757 de
1458 710 1711 774 longinquo

308 787 477 835 faciunt
512 788 677 834 afferre
709 786 767 832 ad
796 784 1094 832 vendendum
1125 786 1172 833 in
1200 788 1405 834 exercitu
1431 804 1514 835 suo
1541 794 1588 834 et
1622 787 1712 835 illic

307 871 466 912 emunt
491 864 720 919 homines,
745 863 891 926 spolia
914 870 960 910 et
983 863 1136 910 omnia
1158 864 1336 911 venalia
1361 882 1452 927 que
1476 865 1522 912 in
1546 865 1712 912 eodem

306 941 513 988 exercitu
539 940 637 1004 ejus
665 946 798 996 sunt,
828 940 984 988 vestiti
1008 941 1133 987 enim
1159 947 1266 987 sunt
1292 942 1459 1004 pannis
1481 942 1641 990 sericis
1666 949 1713 990 ct

306 1016 394 1063 filis
413 1016 515 1062 lane
535 1015 749 1078 quamvis
769 1016 871 1062 lana
891 1015 949 1062 sit
970 1015 1168 1062 multum
1188 1032 1310 1073 cara,
1332 1023 1378 1063 et
1399 1033 1542 1080 super
1562 1018 1712 1081 capita

306 1108 387 1138 sua
416 1097 604 1154 portant
627 1091 834 1154 capucia,
865 1090 1264 1154 quemadmodum
1288 1091 1544 1154 imperator
1570 1095 1713 1140 Cons-

304 1167 716 1230 tantinopolitanus
757 1167 956 1214 Parisius
999 1167 1161 1215 ultimo
1201 1168 1462 1230 portabat¹‚
1499 1169 1587 1216 nisi
1622 1169 1713 1216 sint

305 1244 456 1307 magni
490 1243 667 1290 domini
696 1243 900 1307 desuper
921 1260 1015 1290 non
1047 1249 1118 1291 est
1148 1260 1333 1308 gemma
1362 1245 1598 1307 preciosa;
1627 1245 1713 1293 alia

305 1337 418 1367 vero
444 1320 562 1383 pilea
587 1319 787 1366 rotunda
815 1326 1004 1382 portant
1029 1320 1076 1366 in
1103 1319 1298 1367 modum
1324 1324 1599 1368 Turcorum.

371 1405 520 1465 Super
539 1408 715 1449 terram
740 1401 991 1449 comedunt
1015 1402 1192 1465 absque
1222 1403 1375 1450 tabula
1399 1409 1444 1450 et
1470 1419 1640 1467 mappa
1667 1410 1714 1451 et

308 1479 417 1526 satis
449 1478 682 1525 ordinarie
706 1485 836 1534 sunt3
866 1495 1082 1543 magnam
1108 1479 1479 1526 habundanciam
1503 1480 1713 1528 carnium

308 1562 353 1603 et
381 1555 492 1602 milii
525 1555 694 1602 habent
725 1562 771 1602 et
803 1555 861 1601 de
893 1572 1013 1618 pane
1043 1571 1211 1618 parum
1245 1556 1499 1603 comedunt
1532 1562 1578 1604 et
1605 1556 1713 1604 inde

308 1632 445 1679 nichil
477 1638 663 1687 curant,
698 1631 780 1678 sed
807 1632 845 1678 si
878 1632 1087 1678 extranei
1119 1631 1281 1679 volunt
1310 1633 1574 1689 comedere,
1604 1649 1714 1696 pos-

307 1714 414 1755 sunt
453 1707 691 1764 habunde,
735 1708 842 1770 quia
875 1707 985 1755 satis
1019 1724 1162 1771 panes
1205 1708 1464 1770 reperiunt.
1499 1711 1563 1756 De
1603 1709 1713 1755 vino

305 1790 460 1832 autem
485 1784 773 1847 prohibitum
792 1790 864 1831 est
883 1784 928 1830 in
954 1790 1052 1831 tota
1077 1784 1204 1831 curia
1223 1784 1322 1848 ejus
1345 1800 1402 1831 ne
1424 1784 1528 1847 quis
1552 1784 1713 1832 vinum

305 1861 432 1908 bibat
457 1861 544 1908 nisi
568 1861 829 1918 Christiani,
857 1861 936 1924 qui
962 1861 1068 1908 inde
1092 1868 1290 1924 possunt
1315 1860 1478 1908 bibere
1495 1861 1554 1908 ad
1571 1878 1713 1924 pran-

304 1937 432 1984 dium
464 1937 614 1984 solum
650 1954 659 1983 :
693 1937 801 2000 quia
833 1943 940 2000 post
974 1937 1238 2000 prandium,
1269 1937 1307 1984 si
1335 1937 1498 1984 volunt
1528 1937 1708 1993 bibere,

304 2021 493 2077 oportet
521 2014 647 2077 quod
678 2014 838 2061 bibant
864 2014 933 2061 lac
954 2014 1263 2077 jumentivum
1290 2014 1364 2060 vel
1387 2030 1559 2077 aquam
1583 2014 1714 2079 frigi-

305 2090 441 2137 dam:
465 2096 511 2137 et
527 2090 640 2137 illud
666 2090 735 2137 lac
757 2090 1069 2153 jumentivum
1089 2090 1350 2138 confectum
1375 2097 1446 2137 est
1471 2091 1551 2138 tali
1570 2091 1712 2138 modo

305 2166 433 2229 quod
459 2166 576 2213 sicut
603 2166 766 2213 vinum
789 2166 1013 2222 inebriat;
1046 2167 1218 2215 habent
1245 2166 1382 2213 etiam
1410 2183 1550 2214 unam
1577 2167 1712 2214 aliam

306 2242 552 2307 pocionem
571 2242 631 2290 de
650 2242 785 2289 melle
804 2243 1077 2299 confectam,
1103 2259 1194 2306 que
1217 2243 1336 2291 facta
1360 2250 1431 2291 est
1451 2243 1591 2292 velud
1611 2260 1713 2291 cer-

305 2320 438 2377 visia,
469 2336 559 2383 que
586 2319 796 2366 similiter
820 2319 938 2366 sicut
962 2320 1123 2367 vinum
1148 2320 1364 2367 inebriat.

371 2401 662 2449 Prohibitum
688 2408 758 2449 est
786 2402 832 2449 in
859 2403 985 2450 curia
1011 2403 1110 2467 ejus
1133 2404 1260 2467 quod
1284 2420 1422 2450 nemo
1448 2409 1602 2451 teneat
1627 2419 1713 2450 nec

308 2479 546 2542 permittat
563 2478 806 2526 mulierem
826 2479 1135 2537 inhonestam,
1160 2486 1206 2528 et
1223 2480 1416 2544 quilibet
1440 2479 1579 2528 habet
1596 2496 1713 2528 uxo-

358 2655 390 2689 1.
414 2654 513 2690 C’est
535 2654 571 2690 la
591 2654 696 2690 seule
717 2654 963 2692 observation
988 2655 1052 2703 qui
1079 2655 1132 2691 ait
1158 2656 1218 2693 ete
1245 2655 1395 2703 ajoutee
1415 2666 1483 2703 par
1502 2655 1537 2692 le
1555 2653 1712 2691 traduc-

311 2718 397 2749 teur
417 2713 439 2749 a
459 2714 496 2750 la
516 2712 679 2750 relation
699 2712 898 2760 originale.
