1941 3294
159 261 264 308 1397]
435 263 805 296 CHRONOGRAPHIA
832 265 985 297 REGUM
1009 264 1288 297 FRANCORUM.
1493 261 1557 298 141

157 341 245 388 trie
265 340 425 388 incolis
448 340 674 405 aggressi,
698 341 856 388 multis
877 357 1042 388 eorum
1063 341 1245 398 occisis,
1270 340 1412 388 ceteri
1433 341 1561 388 exuti

157 423 264 464 sunt
290 416 506 464 omnibus
532 415 824 464 vestimentis
849 423 895 464 et
923 417 1234 465 calciamentis
1262 423 1422 480 preter
1454 417 1561 464 bra-

156 510 234 541 cas
267 499 313 541 et
345 494 410 541 sic
443 492 649 549 dimissi,
692 493 766 540 die
805 495 958 542 Sancti
993 494 1215 558 Remigii¹
1255 494 1469 556 sequenti
1510 494 1555 539 in

155 570 322 618 eodem
353 575 474 617 statu
500 569 631 633 quasi
657 575 888 617 trecentas
914 571 1068 618 leucas
1096 570 1450 617 itineraverunt.

219 649 423 694 Fuerunt
436 652 591 695 autem
603 646 649 692 in
665 647 871 694 Galathia
885 647 1035 711 patria
1053 646 1319 710 supradicta
1337 645 1447 711 viijta
1461 646 1561 693 die-

154 739 258 770 rum
292 723 468 786 spacio,
503 739 595 770 non
627 722 963 771 manducantes
989 740 1159 787 panem
1189 740 1276 772 nec
1313 723 1400 771 sub
1432 728 1557 770 tecto

147 799 372 863 jacentes,
410 799 492 847 sed
527 799 744 863 jacebant
782 799 827 846 in
860 800 1131 848 nemoribus
1165 806 1212 847 et
1248 799 1556 847 comedebant

152 876 330 924 fructus
350 892 534 923 amaros
551 892 671 939 quos
690 876 1007 933 inveniebant,
1033 876 1206 924 scilicet
1220 876 1384 941 fagena
1397 891 1559 922 nemo-

151 969 275 1011 rum,
324 953 510 1017 genelas
555 969 608 1000 ac
651 952 884 1009 fordinas;
939 970 1139 1017 quarum
1189 953 1294 1017 quis
1347 958 1442 1000 tres
1486 952 1560 999 vel

151 1029 251 1094 iiijor
285 1029 459 1077 habere
506 1035 714 1092 poterat,
762 1030 938 1093 optime
983 1030 1163 1077 cibatus
1207 1036 1336 1086 erat3
1384 1029 1560 1093 pluries

151 1123 352 1170 namque
387 1107 593 1170 qualibet
627 1107 702 1154 die
739 1106 1068 1154 scrutabantur
1093 1107 1139 1153 in
1172 1107 1366 1170 capillis,
1396 1106 1558 1153 oribus

152 1189 198 1230 et
217 1183 316 1230 aliis
334 1183 446 1230 locis
466 1183 545 1231 ubi
569 1189 814 1247 argentum
832 1189 1017 1246 poterat
1034 1182 1217 1246 reponi.
1239 1186 1382 1230 Erant
1401 1188 1558 1229 tamen

151 1277 316 1308 omnes
342 1261 440 1308 sine
467 1261 652 1307 camisia
685 1266 731 1307 et
764 1260 915 1307 adhuc
944 1260 1049 1323 plus
1076 1276 1218 1322 quam
1249 1259 1374 1306 mille
1406 1275 1468 1306 ex
1493 1258 1560 1305 eis

151 1342 283 1382 erant
314 1336 412 1383 sine
438 1336 622 1383 brachis
648 1335 837 1399 quando
860 1336 1152 1383 intraverunt
1179 1335 1381 1398 primam
1401 1335 1558 1382 villam

149 1413 520 1462 Christianorum
540 1412 828 1469 Latinorum,
854 1429 945 1475 que
971 1418 1165 1460 vocatur
1188 1413 1500 1460 Harmestat2.

214 1489 280 1537 Ibi
317 1489 440 1537 enim
473 1489 768 1552 reperierunt
799 1489 1013 1536 homines
1051 1489 1254 1536 maxime
1292 1489 1477 1552 pietatis
1513 1494 1561 1536 et

148 1566 485 1614 misericordie.
507 1569 601 1613 Hec
618 1571 689 1613 est
709 1566 783 1612 illa
805 1566 967 1613 civitas
988 1569 1271 1623 Harmestat,
1296 1572 1344 1612 ut
1366 1565 1557 1628 quidam

149 1643 324 1696 ferunt,
346 1643 469 1691 unde
490 1643 601 1690 olim
621 1643 872 1705 episcopus
893 1658 1000 1689 cum
1021 1642 1246 1689 Balduino
1266 1642 1556 1699 Flandrensi,

147 1719 384 1767 Ludovico
403 1719 624 1774 Blesensi‚
645 1719 880 1782 Stephano
898 1718 1166 1774 Perticensi,
1187 1722 1382 1782 Hugone
1403 1718 1559 1766 Sancti

147 1795 273 1842 Pauli
293 1795 558 1851 comitibus,
589 1795 812 1858 episcopo
829 1795 1063 1851 Trecensi,
1087 1796 1343 1858 marquisio
1370 1795 1561 1843 Montis-

147 1870 326 1927 ferrati,
356 1871 474 1918 duce
499 1870 695 1919 Venecie
722 1877 767 1917 et
795 1870 1007 1934 pluribus
1029 1871 1130 1917 aliis
1151 1871 1332 1935 magnis
1361 1871 1473 1918 viris
1500 1871 1558 1918 ad

145 1945 425 2008 capiendum
467 1946 918 2009 Constantinopolim
956 1946 1065 2002 fuit,
1108 1946 1187 1994 ubi
1227 1946 1355 1993 idem
1396 1962 1555 1994 comes

144 2022 395 2070 Balduinus
435 2039 658 2070 coronam
699 2028 745 2069 et
779 2022 965 2086 imperii
1007 2022 1284 2087 dignitatem
1327 2023 1552 2087 suscepit,

146 2099 264 2147 sicut
290 2099 504 2163 superius
531 2116 616 2147 suo
639 2100 741 2147 loco
762 2105 833 2147 est
859 2100 1081 2147 relatum.

212 2179 376 2223 Postea
402 2176 714 2223 collaterando
736 2176 973 2223 Boemiam
996 2182 1041 2223 et
1061 2176 1318 2233 Poloniam,
1343 2183 1558 2241 pertran-

147 2258 334 2300 seuntes
369 2253 680 2316 Hungariam‚
714 2253 1039 2317 applicuerunt
1080 2254 1205 2317 apud
1246 2255 1473 2302 Viennam
1511 2255 1555 2301 in

146 2329 382 2376 Austriam
412 2328 566 2392 vigilia
599 2329 818 2376 Omnium
856 2330 1137 2377 Sanctorum
1174 2329 1308 2392 quasi
1347 2329 1555 2377 sexcenti

146 2405 327 2460 Gallici;
356 2422 447 2468 qua
472 2405 547 2452 die
573 2404 833 2469 burgenses
864 2405 931 2453 eis
963 2406 1213 2468 prandium
1247 2405 1480 2453 dederunt
1511 2412 1558 2453 et

145 2497 309 2529 eorum
327 2481 514 2529 cuilibet
541 2481 792 2529 liberaliter
816 2488 864 2527 ve
890 2482 1022 2530 ulnas
1050 2483 1192 2546 panni
1219 2489 1551 2546 porrexerunt,

197 2648 229 2683 1.
254 2648 309 2683 1er
329 2647 497 2684 octobre.

196 2707 230 2743 2.
253 2706 575 2752 Hermannstadt,
597 2706 686 2743 ville
706 2706 751 2743 de
771 2707 1070 2755 Transylvanie.
