1941 3294
168 269 272 316 1387]
442 271 812 305 CHRONOGRAPHIA
838 271 991 304 REGUM
1014 271 1040 303 F
1041 270 1293 304 RANGORUM.
1519 269 1560 306 91

167 351 283 414 quod
307 352 452 414 magis
471 357 538 398 est
557 365 835 412 expressum,
860 356 965 406 etc.,
988 365 1123 412 quam
1141 351 1286 412 ipsam
1305 351 1446 412 fuisse
1465 354 1567 398 uni-

166 434 258 475 tam
277 428 537 490 ypostatice.
563 453 627 462 -
647 426 923 474 Revocanda
943 431 1013 473 est
1037 431 1259 488 tanquam
1279 425 1412 484 falsa,
1433 443 1565 474 scan-

166 503 341 560 dalosa,
366 508 725 567 presumptuose
745 508 922 551 asserta
941 508 987 550 et
1011 502 1194 566 piarum
1220 503 1403 551 aurium
1422 504 1569 552 offen-

165 580 281 637 siva,
306 581 425 629 sicut
442 578 692 627 inmediate
712 579 987 642 precedens.

230 660 401 715 Quarta
437 656 616 704 decima
661 656 922 719 propositio
966 674 975 704 :
1021 655 1076 704 In
1116 658 1390 719 expositione
1431 656 1569 706 Sacre

165 734 399 797 Scripture
451 735 546 780 sive
605 732 945 780 determinando
999 749 1084 796 per
1137 733 1415 791 Ecclesiam,
1474 735 1569 781 sive

165 810 438 857 declarando
467 825 553 873 per
583 809 803 865 doctoreS,
843 809 973 872 [sive]
1009 809 1270 872 excipiendo
1299 826 1384 873 per
1418 826 1570 873 quem-

164 902 367 949 cumque,
402 886 456 933 cle
488 885 728 948 Scriptura
761 884 905 933 Sacra
935 892 977 932 et
1008 901 1098 933 non
1132 886 1317 934 aliunde
1346 885 1571 933 trahenda

164 969 232 1010 est
274 963 611 1019 determinacio,
657 962 905 1010 declaratio
949 964 1043 1009 sive
1088 966 1306 1025 exceptio,
1351 964 1470 1010 sicut
1521 965 1570 1010 in

162 1041 460 1102 grammatica
511 1055 595 1102 que
643 1039 829 1101 regulas
870 1040 1022 1102 ponit,
1072 1040 1120 1085 in
1167 1039 1323 1086 eadem
1370 1041 1570 1103 exceptio

162 1118 406 1179 reperitur.
442 1142 506 1151 —
532 1114 811 1163 Revocanda
845 1121 915 1162 est
951 1121 1175 1177 tanquam
1211 1115 1340 1172 falsa,
1379 1116 1572 1163 scanda-

163 1192 260 1239 losa
304 1196 350 1238 et
385 1208 609 1247 erronea,
652 1191 690 1238 si
732 1190 1015 1255 intelligatur
1058 1190 1186 1253 quod
1227 1191 1457 1254 expositio
1498 1193 1572 1239 vel

163 1268 375 1332 exceptio
406 1268 466 1315 sit
493 1267 718 1315 trahenda
754 1283 978 1330 expresse
1010 1274 1056 1314 et
1088 1268 1307 1331 explicite
1335 1285 1393 1315 ex
1419 1268 1574 1331 Scrip-

162 1351 267 1393 tura
293 1347 431 1393 Sacra
457 1351 502 1392 et
528 1361 622 1392 non
649 1344 852 1399 aliunde,
877 1349 1019 1406 prout
1047 1343 1236 1391 videtur
1260 1345 1570 1408 pretendere,

163 1421 295 1469 aliter
317 1420 476 1485 regula
501 1437 595 1467 non
621 1425 692 1467 est
717 1419 775 1467 ad
808 1420 1105 1483 propositum
1131 1437 1268 1468 suum
1295 1421 1403 1484 quia
1428 1421 1573 1468 multe

163 1503 273 1546 sunt
303 1503 467 1546 contra
492 1508 596 1545 eam
625 1497 872 1553 instancie,
905 1497 1023 1545 sicut
1049 1497 1107 1545 de
1133 1497 1238 1545 ista.
1272 1500 1419 1546 Omne
1445 1499 1573 1562 quod

162 1575 210 1622 in
236 1591 289 1622 os
307 1574 465 1632 intrat,
496 1591 582 1638 per
602 1590 840 1621 secessum
858 1574 1110 1630 emittitur3
1132 1591 1296 1622 omnes
1316 1593 1341 1622 a
1367 1575 1574 1622 maximo

164 1668 312 1715 usque
338 1651 398 1699 ad
422 1651 666 1698 minimum
700 1650 899 1698 avaricie
938 1650 1156 1707 student;
1193 1668 1331 1699 nemo
1367 1652 1575 1700 ascendit

164 1728 213 1775 in
249 1727 400 1776 celum
434 1727 521 1775 nisi
559 1727 640 1790 qui
671 1726 912 1774 descendit
951 1727 1074 1775 filius
1104 1727 1203 1775 Dei.
1239 1728 1284 1775 Si
1317 1728 1574 1777 dixerimus

163 1803 271 1866 quia
297 1808 539 1866 peccatum
575 1819 668 1849 non
700 1803 943 1859 habemus,
983 1803 1198 1867 nosipsos
1232 1804 1499 1852 seducimus
1527 1810 1574 1852 et

162 1879 336 1927 veritas
362 1880 409 1926 in
435 1879 569 1927 nobis
594 1896 687 1926 non
714 1885 801 1926 est.
827 1883 1043 1927 Preterea
1075 1880 1161 1927 ista
1186 1881 1348 1944 regula
1373 1881 1575 1929 detrahit

162 1955 632 2004 determinationibus
675 1962 722 2003 et
763 1955 924 2004 usibus
968 1956 1172 2005 Ecclesie
1213 1957 1462 2005 Catholice.
1506 1962 1575 2006 Ex

162 2033 444 2080 revelatione
476 2049 558 2080 seu
584 2033 889 2096 inspiratione
921 2033 1077 2080 divina
1110 2039 1157 2080 et
1182 2050 1241 2080 ex
1270 2033 1574 2082 instructione

162 2109 483 2173 apostolorum
511 2109 557 2156 in
585 2109 822 2173 primitiva
847 2110 1050 2157 Ecclesia
1080 2110 1224 2157 multe
1256 2111 1574 2173 expositiones

163 2188 301 2234 Sacre
321 2186 560 2249 Scripture
585 2186 755 2234 tradite
780 2193 886 2234 sunt
905 2193 948 2234 et
965 2187 1060 2234 alia
1076 2187 1222 2234 multa
1240 2203 1324 2250 que
1342 2188 1450 2249 fecit
1468 2187 1575 2236 Jhe-

162 2279 258 2320 sus,
282 2279 368 2325 que
395 2265 437 2310 si
465 2264 724 2311 scribantur
749 2280 835 2327 per
861 2264 1047 2327 sinqula
1080 2279 1162 2312 nee
1193 2265 1341 2327 ipsum
1375 2265 1574 2312 arbitror

162 2341 377 2387 mundum
410 2355 569 2403 capere
603 2340 770 2404 [posse]
802 2357 876 2388 eos
902 2343 980 2404 qui
1012 2341 1239 2389 scribendi
1269 2348 1376 2388 sunt
1414 2341 1569 2388 libros.

161 2419 327 2465 Amen.
356 2417 595 2480 (Johannis
619 2417 851 2480 ultim01.)

225 2496 275 2540 In
303 2509 463 2540 mense
492 2509 606 2539 vero
632 2492 914 2555 septembris
939 2493 1150 2558 ejusdem
1176 2494 1281 2541 anni
1310 2493 1356 2541 Mi
1383 2499 1573 2557 octoge-

163 2569 267 2617 simi
291 2569 493 2633 septimi,
529 2569 718 2617 collecta
750 2577 822 2618 est
853 2587 943 2618 una
977 2571 1219 2619 semitallia
1254 2588 1340 2636 per
1371 2586 1571 2636 regnum

210 2741 244 2778 1.
267 2740 514 2788 Saint-Jean,
537 2741 656 2787 XXI,
675 2741 735 2778 ⁶25.
