1941 3294
206 243 311 290 1381]
483 245 853 278 GHRONOGRAPHIA
878 245 1031 278 REGUM
1058 245 1336 278 FRANCORUM.
1564 243 1607 279 15

201 324 339 372 tionis
355 340 491 371 causa
510 322 595 370 fuit
615 323 741 386 quod
758 323 858 386 ipsa
877 323 983 371 fecit
998 323 1098 371 fieri
1121 339 1202 372 seu
1225 324 1460 371 consensit
1480 324 1603 386 apud

201 400 435 449 civitatem
461 399 636 447 Fundis
671 399 944 447 electionem
969 399 1081 447 dicti
1106 403 1229 463 Pape
1253 400 1515 456 Clementis,
1540 400 1608 446 in-

201 477 298 523 vito
317 477 420 540 ipso
437 475 607 524 Karolo
623 475 682 522 de
698 478 831 531 Pace,
849 477 929 540 qui
947 492 1052 524 cum
1066 476 1223 524 multis
1239 476 1338 523 aliis
1353 475 1608 523 adherebat

198 553 319 617 parti
345 553 547 609 Urbani;
576 552 713 614 hujus
739 552 863 600 enim
888 569 1025 601 causa
1048 553 1192 600 multe
1218 553 1540 601 contentiones
1563 557 1608 599 et

198 629 430 677 discordie
460 628 581 676 inter
606 628 762 691 ipsum
792 629 1016 677 Karolum
1050 635 1096 677 et
1127 629 1367 676 dominam
1397 629 1608 693 reginam

198 710 300 752 orte
325 711 449 753 sunt,

263 781 468 829 Tandem
506 781 665 846 regina
703 782 911 830 consulta
947 788 1017 830 est
1049 788 1208 846 petere
1242 781 1466 830 auxilium
1499 781 1606 829 duci

195 857 480 922 Andegavie‚
503 857 598 905 filio
621 858 826 906 secundo
847 859 1030 924 cognati
1052 859 1122 907 sui
1143 858 1380 916 Johannis‚
1407 858 1606 906 condam

194 934 319 998 regis
345 934 551 992 Francie,
583 935 804 998 quoniam
833 936 1080 984 estimabat
1105 953 1213 984 cum
1239 952 1341 984 esse
1368 934 1607 999 potencio-

194 1026 296 1058 rem
315 1017 362 1058 et
381 1010 601 1059 ditiorem
623 1012 884 1075 principem
906 1012 1259 1061 Christianitatis
1279 1018 1325 1059 et
1345 1011 1472 1074 quod
1499 1027 1606 1059 eum

192 1093 389 1150 poneret
408 1088 454 1135 in
472 1088 818 1152 possessionem
837 1089 987 1154 regni,
1017 1090 1106 1136 hoc
1126 1088 1341 1136 laudante
1364 1095 1411 1136 et
1434 1104 1608 1152 appro-

193 1163 332 1212 bante
359 1165 542 1213 ducissa
567 1165 783 1223 Dirachii,
814 1171 953 1229 nepte
974 1182 1056 1213 sua
1079 1182 1132 1212 ac
1153 1165 1345 1221 herede,
1376 1181 1607 1212 consensu

193 1241 348 1288 mariti
374 1241 472 1305 ejus
505 1242 698 1290 Roberti
729 1242 788 1289 de
814 1243 1061 1299 Arthesi03
1096 1242 1293 1289 nuncius
1323 1241 1459 1306 hujus
1484 1241 1608 1306 lega-

192 1316 332 1364 tionis
357 1317 441 1364 fuit
467 1334 624 1365 comes
649 1318 955 1366 Carsertani1.

254 1395 399 1440 Porro
418 1393 598 1457 prefate
619 1393 853 1441 discordia
871 1400 916 1441 et
933 1394 1255 1442 contentiones
1275 1393 1429 1441 taliter
1449 1393 1609 1440 incan-

190 1469 391 1518 duerunt
417 1470 541 1518 inter
564 1477 740 1535 partes,
778 1471 907 1534 quod
938 1471 1136 1520 Karolus
1169 1471 1372 1534 quadam
1399 1470 1474 1518 die
1501 1487 1608 1518 cum

190 1545 287 1593 fere
313 1547 531 1594 trecentis
557 1548 792 1611 equitibus
818 1548 1007 1595 intravit
1033 1548 1319 1612 Neapolim2,
1344 1547 1423 1611 qui
1445 1553 1607 1595 contra

189 1623 479 1672 voluntatem
514 1624 702 1672 domine
743 1642 848 1681 sue,
883 1625 1102 1672 favebant
1136 1624 1256 1687 parti
1286 1624 1459 1672 Urbani
1500 1640 1605 1671 cum

188 1700 309 1764 ipso.
355 1704 471 1749 Sane
512 1702 710 1749 Karolus
750 1701 952 1749 habebat
992 1701 1080 1748 tria
1123 1701 1354 1765 ingenia3,
1402 1717 1604 1763 quorum

189 1777 373 1825 duobus
418 1778 721 1825 mittebantur
757 1778 910 1842 grossi
955 1777 1134 1841 lapides
1172 1783 1307 1824 nocte
1346 1777 1515 1840 dieque
1556 1777 1602 1824 in

188 1854 350 1901 Castro
376 1857 523 1911 Novo,
554 1855 700 1901 altero
725 1871 840 1901 vero
866 1853 1213 1917 proiciebantur
1242 1853 1344 1916 (sic)
1377 1853 1605 1901 cadavera

188 1936 234 1977 et
270 1930 343 1977 alii
380 1930 554 1978 fetores
589 1930 792 1987 diversi;
822 1930 880 1978 de
912 1930 1082 1993 quibus
1108 1930 1269 1994 regina
1303 1935 1349 1977 et
1383 1930 1461 1993 qui
1497 1946 1602 1977 cum

186 2023 239 2054 ea
275 2014 408 2054 erant
442 2007 488 2054 in
519 2014 691 2064 castro,
731 2007 930 2054 multum
968 2007 1308 2071 gravabantur.
1347 2010 1600 2070 Postquam

185 2088 340 2131 autem
364 2084 450 2130 hec
471 2082 655 2130 obsidio
676 2088 782 2130 octo
803 2082 969 2130 diebus
992 2082 1196 2138 duravit,
1221 2082 1371 2129 factus
1388 2089 1458 2129 est
1481 2099 1601 2129 unus

183 2164 408 2206 tractatus
434 2159 556 2206 inter
575 2159 785 2223 reginam
807 2165 852 2205 et
874 2159 1117 2215 Karolum,
1144 2158 1272 2221 quod
1294 2159 1467 2206 scilicet
1492 2165 1602 2206 octo

185 2235 350 2283 diebus
378 2235 574 2283 Karolus
605 2242 810 2282 cessaret
842 2242 1051 2283 castrum
1082 2235 1361 2299 impugnare
1394 2242 1440 2282 et
1473 2235 1598 2298 quod

186 2312 273 2360 nisi
296 2313 395 2375 ipsa
420 2311 579 2376 regina
606 2328 880 2360 succursum
908 2311 1103 2359 haberet
1129 2311 1249 2359 infra
1274 2311 1377 2359 illos
1406 2311 1506 2359 dies
1542 2311 1600 2358 ab

233 2454 266 2490 1.
289 2453 344 2489 Cf.
369 2454 498 2500 Denys
519 2453 721 2500 Godefroy,
744 2455 901 2490 Histoire
921 2456 963 2490 cle
985 2455 1133 2491 Charias
1164 2455 1265 2495 VI...,
1285 2464 1358 2500 par
1377 2456 1470 2490 Jean
1488 2456 1596 2490 ,Ιῑιυέ-

184 2515 327 2548 naides
347 2514 483 2557 Ursins,
509 2512 566 2548 ed.
590 2512 635 2548 de
659 2513 761 2558 1653,
783 2524 818 2559 p.
843 2513 909 2549 542
932 2517 968 2548 et
989 2513 1053 2549 551
1077 2512 1100 2548 a
1122 2513 1212 2549 554.

230 2572 263 2608 2.
287 2572 441 2608 Chai-les
461 2571 507 2607 de
526 2571 697 2608 Durazzo
717 2577 826 2608 entra
844 2572 867 2608 ὲ,
886 2571 1027 2618 Naples
1048 2582 1137 2608 sans
1159 2582 1256 2618 coup
1280 2570 1369 2608 ferir
1389 2571 1424 2607 le
1440 2571 1482 2608 16
1499 2570 1596 2618 juil-

185 2631 236 2668 let
256 2631 342 2668 1381
368 2631 552 2677 (Giornali
573 2632 800 2677 Napocitani,
822 2642 882 2678 ap.
906 2630 1111 2677 Muratori,
1134 2636 1160 2667 t.
1185 2630 1299 2677 XXI,
1322 2630 1406 2667 coll.
1432 2630 1547 2679 1043).

235 2690 268 2728 3.
292 2690 354 2727 Cf.
374 2691 465 2726 ibid.
