1941 3294
349 318 393 354 82
619 321 988 354 GHRONOGRAPHIA
1014 320 1167 352 REGUM
1190 319 1469 352 FRANCORUM.
1522 315 1741 362 [1386-1387

348 401 475 449 visus
500 406 586 448 est.
617 401 805 448 Interim
837 415 943 447 cum
969 399 1165 446 Karolus
1190 405 1313 446 esset
1338 399 1386 445 in
1414 399 1665 462 Hungaria,
1693 402 1745 446 ut

347 477 611 540 predictum
642 482 730 533 est,
765 475 950 538 scripsit
979 476 1235 537 Margarete
1267 474 1444 539 regine,
1480 474 1616 521 uxori
1641 491 1740 531 sue,

347 553 475 615 quod
507 553 544 600 si
576 559 736 616 posset
766 552 971 598 mitteret
1001 550 1240 613 Neapolim
1272 550 1482 614 reginam
1511 549 1743 614 Hungarie

346 634 392 675 et
417 629 544 691 quod
569 629 627 675 de
652 629 753 692 ipsa
778 628 911 674 fieret
937 626 1055 673 sicut
1081 626 1139 674 de
1164 626 1325 690 regina
1350 627 1574 675 Johanna.

412 705 545 763 Quod
564 721 671 751 cum
692 703 895 751 audisset
917 704 1037 764 Papa
1061 701 1292 758 Urbanus,
1315 708 1496 750 tantum
1516 719 1569 749 ac
1592 701 1746 749 taliter

347 780 470 838 fecit,
506 780 632 844 quod
663 780 825 827 furtim
857 777 1037 825 sublate
1071 784 1179 826 sunt
1210 779 1359 826 littere
1397 795 1514 841 quas
1547 778 1744 826 Karolus

345 857 536 904 miserat
560 856 695 904 uxori
722 872 804 903 sue
829 871 882 902 ac
907 854 996 901 sibi
1016 854 1166 902 delate
1186 861 1310 902 sunt.
1341 859 1463 919 Papa
1482 871 1597 902 vero
1620 853 1747 902 misit

345 933 492 980 dictas
517 933 694 980 litteras
719 932 880 996 regine
911 931 1162 995 Hungarie,
1197 931 1406 979 scribens
1434 932 1475 978 ei
1501 948 1559 978 ne
1585 930 1748 978 crede-

343 1015 415 1056 ret
440 1009 538 1073 regi
565 1008 752 1064 Karolo,
777 1007 885 1070 quia
908 1023 1011 1054 eam
1029 1007 1215 1055 tradere
1235 1014 1282 1055 et
1302 1007 1518 1071 decipere
1537 1006 1741 1054 volebat.

344 1086 518 1149 Regina
557 1101 745 1148 quoque
788 1083 956 1131 habitis
999 1083 1186 1141 litteris,
1235 1083 1395 1131 habuit
1434 1084 1677 1131 consilium
1720 1099 1745 1129 a

343 1178 512 1226 magno
538 1161 708 1208 comite
735 1160 983 1225 Hungarie,
1015 1160 1143 1223 quod
1173 1160 1261 1207 nisi
1287 1160 1486 1208 Karolus
1510 1160 1746 1207 occidere-

343 1244 437 1291 tur,
474 1238 574 1301 ipsa
605 1238 844 1285 modicum
876 1244 1124 1301 regnatura
1163 1243 1279 1284 erat.
1321 1240 1447 1284 Tunc
1486 1235 1746 1284 absconditi

343 1321 450 1362 sunt
467 1315 560 1362 duo
577 1315 758 1362 robusti
774 1314 988 1362 homines
1006 1313 1128 1361 inter
1142 1314 1345 1361 cortinas
1360 1329 1546 1361 camere
1561 1312 1741 1376 regine,

343 1391 513 1454 quibus
529 1392 786 1456 injunctum
800 1391 884 1438 fuit
901 1390 1120 1454 quatinus
1141 1389 1404 1455 occiderent
1420 1405 1581 1454 regem
1597 1392 1745 1437 Karo-

342 1468 438 1515 lum
464 1468 652 1531 quando
678 1468 860 1515 veniret
886 1467 993 1514 illic.

405 1545 638 1592 Mandavit
663 1545 825 1609 regina
850 1544 1037 1601 Karolo,
1060 1543 1140 1607 qui
1165 1549 1266 1591 erat
1285 1544 1332 1590 in
1357 1544 1459 1592 aula
1485 1543 1614 1607 quasi
1639 1559 1746 1591 cum

341 1621 580 1685 sexaginta
612 1621 834 1669 militibus
873 1621 1105 1668 exercitus
1136 1620 1224 1677 sui,
1261 1626 1312 1667 ut
1352 1620 1440 1667 iret
1476 1620 1535 1667 ad
1565 1636 1669 1667 eam
1697 1619 1744 1666 in

341 1714 525 1745 camera
557 1715 638 1746 sua
675 1716 684 1744 ε
721 1698 801 1761 qui
827 1698 987 1745 abiens
1016 1713 1123 1744 cum
1149 1696 1354 1759 quodam
1383 1696 1527 1743 milite
1552 1696 1742 1743 nomine

339 1774 565 1822 Nakarelo
596 1774 654 1822 de
686 1777 938 1837 Campana,
977 1773 1051 1821 cui
1087 1789 1232 1820 unum
1263 1772 1449 1820 oculum
1481 1778 1668 1820 eruerat
1698 1771 1745 1818 in

335 1850 576 1914 juventute
606 1851 720 1899 dum
744 1851 1034 1899 nutrirentur
1059 1850 1212 1908 simul,
1243 1850 1322 1913 qui
1348 1854 1454 1896 ante
1480 1865 1587 1896 eum
1612 1865 1746 1913 gere-

339 1928 419 1974 bat
448 1927 606 1975 tedam
638 1928 899 1984 ardentem,
939 1944 1046 1975 cum
1071 1933 1195 1974 esset
1220 1942 1379 1974 coram
1403 1925 1580 1990 regina,
1609 1925 1745 1972 flexis

338 2004 536 2068 genibus
577 2005 792 2052 salutavit
832 2021 954 2052 eam.
1000 2004 1081 2053 Cui
1121 2004 1183 2050 ait
1223 2003 1385 2067 regina
1430 2021 1438 2049 :
1489 2021 1508 2046 «
1554 2002 1741 2058 Karole,

342 2099 362 2124 α
400 2080 642 2144 cognoscis
673 2081 756 2128 has
780 2080 985 2128 litteras?
1021 2099 1041 2124 ι)
1074 2079 1158 2137 Qui
1190 2078 1435 2142 respondit
1464 2078 1593 2141 quod
1628 2093 1742 2125 non.

338 2157 417 2205 Cui
443 2157 603 2221 regina
633 2175 642 2203 ε
677 2177 698 2202 (ι
729 2157 955 2213 Mentiris,
986 2157 1093 2220 quia
1114 2156 1307 2219 propria
1332 2172 1473 2202 manu
1494 2161 1573 2202 tua
1599 2154 1747 2218 scrip-

342 2253 363 2278 «
394 2233 511 2280 sisti.
541 2236 664 2280 Bene
686 2233 824 2280 video
851 2232 978 2296 quod
998 2233 1057 2280 de
1076 2249 1151 2279 me
1169 2233 1241 2279 vis
1265 2232 1417 2280 facere
1438 2231 1746 2295 quemadmo-

341 2328 361 2353 α
394 2309 508 2356 dum
527 2309 674 2356 fecisti
698 2308 756 2356 de
782 2309 945 2373 regina
970 2309 1178 2357 Johanna
1199 2308 1367 2356 Sicilie.
1405 2327 1425 2352 D

400 2389 520 2433 Dum
537 2386 622 2433 hec
639 2385 832 2442 diceret,
853 2385 945 2433 duo
963 2385 1071 2432 dicti
1089 2385 1301 2433 homines
1320 2384 1581 2433 absconditi
1594 2384 1744 2432 irrue-

337 2467 447 2508 runt
486 2461 533 2508 in
570 2461 810 2518 Karolum,
858 2461 921 2507 ita
953 2460 1079 2523 quod
1116 2478 1236 2508 unus
1274 2460 1507 2524 percussit
1548 2476 1656 2507 eum
1687 2458 1745 2506 de

337 2538 490 2602 gladio
529 2554 671 2601 super
703 2544 859 2601 caput,
900 2538 965 2585 sic
999 2537 1126 2601 quod
1164 2555 1254 2585 una
1296 2555 1405 2601 pars
1443 2536 1607 2600 capitis
1645 2535 1744 2599 ejus

336 2615 503 2662 cecidit
523 2631 664 2679 super
684 2614 897 2678 scapulas
918 2631 1047 2671 suas,
1078 2631 1278 2678 cumque
1299 2614 1430 2662 miles
1455 2614 1535 2677 qui
1560 2628 1667 2661 cum
1686 2629 1742 2659 eo

336 2697 435 2738 erat
462 2698 660 2754 poneret
689 2691 848 2739 tedam
873 2698 918 2738 et
944 2692 1186 2739 brachium
1218 2708 1361 2755 super
1393 2696 1532 2754 caput
1565 2689 1742 2737 domini

337 2767 424 2825 sui,
448 2768 564 2815 alter
589 2768 730 2815 homo
750 2768 1020 2832 percusiens
1045 2768 1147 2832 (sic)
1172 2768 1431 2832 amputavit
1455 2767 1611 2815 tedam
1637 2782 1744 2814 cum
