1941 3294
188 260 290 308 1382]
461 263 830 297 CHRONOGRAPHIA
854 263 1007 295 REGUM
1031 259 1311 294 FRANGORU'M.
1540 256 1582 294 33

186 343 377 391 consilio
420 340 731 406 quorumdam
775 340 1000 389 nobilium
1042 340 1163 387 bona
1206 355 1370 387 eorum
1414 355 1583 402 rapere

187 420 426 482 cupientes
441 419 476 466 ¹.

249 500 552 549 Postmodum
574 516 689 546 vero
714 516 798 546 rex
823 499 950 546 misit
972 498 1173 545 Parisius
1199 497 1376 544 litteras
1404 497 1586 544 clausas

188 577 476 624 continentes
514 575 641 638 quod
665 581 789 622 certa
811 575 885 622 die
910 575 1149 621 mitterent
1174 573 1232 620 ad
1259 589 1367 621 eum
1402 579 1590 635 quater-

189 654 360 709 narios,
383 651 803 716 quinquagenarios
824 657 868 698 et
890 651 1168 699 decimarios
1185 667 1291 698 cum
1310 648 1591 713 quibusdam

190 730 288 778 aliis
314 729 642 794 burgensibus,
672 734 723 776 ut
754 729 1023 791 loqueretur
1048 728 1160 792 ipsis
1193 728 1251 775 de
1280 726 1419 774 certis
1450 742 1593 789 nego-

190 806 272 853 ciis
292 806 517 852 honorem
543 810 590 851 et
615 810 787 851 statum
813 804 944 868 regni
970 804 1040 851 sui
1071 802 1369 867 tangentibus
1395 807 1441 848 et
1466 800 1593 864 quod

188 881 402 929 viderent
420 881 547 944 quod
570 887 616 928 et
637 881 771 943 quale
792 881 1015 927 auxilium
1036 886 1228 942 possent
1244 879 1285 926 ei
1307 879 1430 926 bono
1452 877 1593 924 modo

190 958 446 1005 conferre2.
463 960 559 1015 Qua
573 957 647 1005 die
662 957 874 1004 abierunt
888 957 1078 1020 quidam
1092 956 1376 1003 Parisienses
1389 954 1448 1002 ad
1468 970 1592 1011 eum,

189 1034 445 1082 referentes
472 1034 511 1080 ei
541 1034 667 1096 quod
688 1033 951 1081 communia
971 1032 1172 1080 Parisius
1191 1032 1378 1079 volebat
1403 1032 1489 1079 sibi
1517 1031 1597 1078 ali-

191 1111 318 1173 quod
343 1111 568 1158 auxilium
592 1111 823 1171 conferre.
855 1113 980 1158 Tunc
999 1126 1083 1157 rex
1108 1109 1308 1172 injunxit
1326 1110 1392 1156 eis
1414 1115 1466 1156 ut
1492 1109 1598 1156 bre-

191 1188 312 1234 viter
327 1187 658 1235 concluderent
682 1188 817 1251 quale
837 1187 1057 1234 auxilium
1076 1186 1162 1233 sibi
1181 1186 1345 1233 facturi
1371 1191 1527 1234 essent
1553 1191 1599 1232 et

192 1263 251 1310 de
276 1265 364 1311 hoc
389 1263 476 1311 sibi
501 1270 627 1311 certa
654 1263 728 1311 die
754 1263 1111 1326 responderent.

257 1347 460 1394 Sabbato
497 1346 562 1409 iija
593 1346 668 1394 die
695 1345 802 1392 maii
843 1344 950 1391 anni
982 1344 1233 1407 prenotati,
1270 1343 1598 1392 Gandavenses

192 1422 403 1470 vicerunt
441 1423 661 1470 comitem
692 1421 904 1469 Flandrie
939 1427 1046 1468 ante
1085 1420 1305 1484 Brugias3
1345 1437 1439 1483 quo
1477 1420 1600 1467 facto

193 1499 485 1546 intraverunt
501 1499 658 1546 villam
683 1498 923 1546 eamdem3
942 1497 1020 1545 ubi
1038 1498 1208 1545 iterum
1228 1497 1446 1545 comitem
1466 1497 1601 1544 Flan-

194 1575 294 1623 drie
320 1575 591 1623 devicerunt
612 1592 664 1622 ac
689 1575 786 1622 fere
807 1587 859 1622 XM
890 1573 1200 1638 Brugencium
1225 1573 1513 1629 occiderunt,
1535 1574 1598 1620 ita

194 1657 245 1700 ut
270 1668 445 1709 comes,
475 1652 659 1700 duobus
684 1657 866 1698 tantum
891 1650 1154 1707 comitatus,
1185 1656 1361 1697 secrete
1382 1650 1530 1697 exiret
1556 1654 1602 1696 et

195 1729 393 1793 fugeret.
421 1731 569 1776 Porro
592 1727 940 1784 Gandavenses,
965 1726 1221 1791 depredata
1245 1726 1354 1773 villa
1379 1726 1438 1774 ad
1462 1725 1604 1789 placi-

245 1888 278 1923 1.
302 1887 363 1924 On
383 1891 557 1924 constate
578 1897 650 1934 que
671 1887 706 1923 18
724 1886 764 1922 13
783 1892 820 1923 et
835 1885 870 1922 18
884 1885 1026 1933 26juin
1046 1885 1081 1921 le
1103 1885 1176 1921 duc
1197 1885 1242 1921 (18
1258 1885 1490 1932 Bourgogne
1513 1885 1606 1921 etait

197 1945 220 1981 ὲ,
239 1946 372 1982 Melun
393 1945 450 1991 (E.
469 1944 584 1990 Petit,
600 1945 817 1980 Itineraz'res
836 1945 877 1979 de
897 1945 1062 1990 Philippa
1083 1947 1113 1980 le
1134 1946 1254 1980 Hardi
1273 1948 1304 1980 et
1324 1945 1365 1979 de
1384 1945 1475 1979 Jean
1494 1943 1606 1980 Sans-

197 2006 304 2048 Peur,
323 2015 358 2051 p.
376 2004 469 2050 152).
493 2003 597 2039 Pour
618 2003 652 2038 le
673 2002 745 2048 roi,
766 2002 792 2038 il
820 2015 844 2050 y
874 2002 967 2038 etait
993 2014 1041 2039 au
1072 2003 1199 2039 moins
1230 2002 1281 2038 du
1311 2004 1350 2038 11
1381 2013 1429 2038 au
1454 2003 1498 2039 28
1518 2002 1603 2049 juin

200 2063 255 2108 (E.
280 2063 395 2109 Petit,
422 2063 569 2108 Se'jours
599 2063 641 2097 de
668 2063 817 2098 Char-les
845 2063 897 2103 VI,
918 2072 955 2108 p.
979 2062 1048 2106 14).
1075 2062 1128 2097 La
1157 2062 1365 2106 chronique
1396 2063 1455 2097 des
1476 2065 1607 2106 quatre

194 2124 373 2168 premiers
403 2123 514 2157 Valoz's
535 2124 583 2167 (p.
608 2120 703 2167 302),
719 2131 769 2156 cn
791 2120 986 2167 signalant
1006 2120 1040 2156 la
1060 2121 1245 2166 presence
1266 2119 1316 2155 du
1339 2119 1394 2156 roi
1415 2119 1436 2155 a
1458 2119 1606 2165 Melun,

201 2185 356 2217 raconte
376 2191 449 2227 que
470 2180 536 2215 des
555 2179 874 2227 gentilshommes
898 2192 914 2212 «
937 2178 1166 2215 envoierent
1187 2190 1237 2214 en
1257 2179 1385 2225 places
1407 2177 1543 2214 vuides
1569 2183 1606 2213 et

200 2239 365 2276 foraines
384 2252 398 2273 »
427 2238 493 2274 des
513 2239 727 2275 charrettes
747 2238 853 2275 vides
874 2237 1065 2274 destinees
1086 2238 1108 2274 8
1129 2238 1285 2274 enlever
1305 2238 1340 2274 le
1361 2237 1472 2274 butin
1494 2237 1607 2284 qu'ils

201 2298 419 2345 esperaient
439 2297 530 2333 faire
552 2297 584 2332 si
604 2307 654 2332 on
669 2296 752 2332 leur
772 2296 919 2333 laissait
936 2296 1047 2344 piller
1067 2297 1191 2333 Paris.

248 2357 283 2394 2.
306 2356 409 2392 C'est
442 2367 532 2391 sans
563 2355 678 2391 doute
709 2355 731 2390 a
764 2361 863 2392 cette
899 2356 1143 2402 negociation
1176 2367 1249 2403 que
1282 2356 1348 2392 fait
1377 2355 1543 2391 allusion
1574 2355 1608 2390 18

203 2416 409 2463 Religieux
426 2415 471 2450 de
494 2414 762 2461 Saint-Denys
785 2415 825 2460 (t.
848 2415 880 2461 I,
901 2426 937 2461 p.
963 2415 1055 2455 152).

251 2475 284 2512 3.
307 2475 360 2511 Le
378 2475 466 2521 jour
486 2473 530 2509 de
553 2473 589 2509 la
609 2473 684 2509 sete
705 2473 755 2509 du
774 2473 1150 2521 Saint-Saerement,
1167 2474 1220 2510 les
1236 2473 1398 2510 Gantois
1414 2474 1612 2510 enti-erent

203 2533 226 2569 8
246 2533 406 2579 Bruges.
430 2532 482 2567 Le
504 2531 709 2577 Religieux
735 2531 781 2568 de
809 2531 1076 2579 Saint-Denys
1098 2535 1138 2577 (t.
1161 2532 1194 2577 Ι,
1215 2543 1251 2578 p.
1277 2532 1354 2572 118)
1377 2542 1399 2566 a
1419 2541 1466 2567 eu
1488 2542 1554 2566 sur
1575 2530 1611 2566 la

204 2591 305 2638 prise
323 2590 369 2626 de
390 2589 539 2636 Bruges
559 2588 624 2624 des
647 2589 980 2636 rcnseignements
996 2590 1168 2626 curieux.
1188 2590 1239 2626 Le
1256 2589 1407 2626 combat
1428 2589 1493 2636 qui
1515 2589 1612 2625 livra

206 2650 358 2697 Bruges
379 2660 454 2685 aux
477 2647 639 2684 Gantois
659 2653 715 2684 est
736 2659 863 2684 connu
885 2659 975 2685 sous
995 2649 1029 2685 le
1051 2660 1141 2685 nom
1162 2648 1207 2685 de
1222 2648 1375 2684 bataille
1396 2647 1441 2683 de
1462 2648 1611 2684 Bever-

206 2707 398 2746 houtsfeld
416 2707 634 2753 (Froissart,
655 2706 713 2743 ed.
738 2707 899 2755 Kervyn
926 2707 972 2744 de
999 2707 1251 2754 Lettenhove,
1275 2712 1302 2744 t.
1329 2707 1379 2752 X,
1401 2718 1436 2754 p.
1459 2706 1530 2752 26).
1557 2707 1609 2743 Le

351 2777 399 2810 111
1451 2772 1470 2808 3
