1941 3294
356 247 423 283 2‘20
632 250 1003 283 CHRONOGRAPHIA
1027 251 1179 282 REGUM
1203 250 1478 282 FRANGORUM.

353 326 578 389 equitant,
610 327 668 375 de
697 327 849 374 calore
882 343 960 373 seu
994 325 1168 390 frigore
1199 326 1334 374 nichil
1366 332 1597 374 curantes.
1633 327 1751 374 Talis

350 420 550 466 namque
578 409 649 451 est
677 403 955 451 conditionis
987 402 1113 465 quod
1148 403 1195 449 in
1225 403 1320 450 suis
1352 402 1526 465 preliis,
1565 404 1750 466 quando

350 479 514 541 aliquis
541 496 627 543 per
650 485 755 526 ante
782 485 851 526 est
874 478 1159 534 vulneratus,
1181 478 1307 525 illum
1333 479 1531 525 honorat
1549 484 1595 525 et
1613 496 1752 526 vene-

349 561 479 602 ratur
502 562 548 602 et
571 556 699 602 illum
724 556 973 602 inhonorat
995 554 1075 617 qui
1101 572 1186 618 per
1205 562 1333 602 retro
1359 561 1429 601 est
1456 555 1703 604 sauciatus.

414 631 606 678 Multum
627 648 710 694 per
731 646 919 677 omnem
940 629 1133 676 modum
1154 630 1352 677 honorat
1372 630 1548 693 probos
1571 637 1617 677 et
1637 637 1753 678 stre-

350 723 469 754 nuos
492 713 547 754 et⁴
562 707 649 754 illis
670 707 748 753 dat
768 722 936 770 magna
963 705 1197 753 donativa.
1226 710 1282 754 Et
1302 712 1409 770 post
1431 706 1504 752 illa
1529 706 1647 753 bella
1673 723 1752 753 seu

348 783 494 846 prelia
527 800 616 846 que
649 782 756 829 facit
788 782 882 830 suis
914 782 1128 839 inimicis,
1165 782 1352 845 quando
1384 782 1510 829 videt
1540 782 1666 845 quod
1698 799 1753 829 eo

349 865 456 907 sunt
476 859 820 906 numerosiores
835 860 932 906 sive
946 859 1183 914 fortiores,
1201 859 1247 905 in
1262 858 1548 906 convallibus
1565 875 1614 906 se
1633 859 1754 906 latti-

348 942 414 983 tat
429 943 474 982 et
497 952 588 982 non
606 935 834 998 permittit
850 935 976 998 quod
994 935 1114 982 ullus
1129 935 1186 982 de
1207 935 1301 982 suis
1320 935 1488 1000 fugiat:
1508 941 1554 983 et
1568 935 1753 998 quando

348 1012 475 1058 videt
495 1012 623 1074 quod
647 1011 817 1059 inimici
836 1012 934 1076 ejus
957 1011 1094 1059 nichil
1119 1011 1227 1059 mali
1253 1011 1311 1058 ab
1335 1012 1434 1075 ejus
1454 1018 1587 1074 parte
1605 1012 1754 1074 suspi-

349 1094 528 1143 cantur,
551 1088 702 1136 subito
725 1088 867 1135 insilit
892 1088 937 1135 in
966 1105 1063 1136 eos.
1087 1092 1136 1135 In
1165 1104 1311 1151 parvo
1338 1094 1547 1150 tempore
1570 1094 1616 1135 et
1641 1105 1755 1150 pau-

348 1165 413 1211 cis
430 1164 595 1211 diebus
612 1180 834 1229 magnum
851 1165 940 1211 iter
956 1164 1080 1220 facit,
1101 1164 1208 1211 etin
1223 1180 1307 1211 suo
1332 1164 1537 1211 exercitu
1563 1180 1755 1228 magnas

349 1241 665 1289 ordinationes
689 1248 735 1288 et
755 1247 902 1289 status
925 1242 1128 1289 habetet
1149 1241 1196 1287 in
1217 1257 1513 1304 quocumque
1530 1241 1633 1289 loco
1657 1241 1755 1288 fue—

348 1318 426 1374 rit,
467 1334 614 1380 usque
647 1318 693 1364 in
721 1333 934 1380 presens,
972 1334 1160 1381 semper
1195 1317 1499 1381 triumphavit
1534 1324 1581 1365 et
1617 1334 1755 1364 nemo

348 1398 504 1456 potest
527 1393 568 1439 ei
597 1392 833 1440 resistere.

413 1471 526 1517 Cum
560 1475 713 1516 autem
740 1486 864 1516 anno
895 1469 1077 1516 Domini
1115 1475 1167 1516 ΜΟ
1192 1476 1326 1519 0000ο
1364 1476 1469 1516 ante
1504 1470 1755 1533 quamdam

349 1546 683 1593 nobilissimam
725 1547 925 1608 Turquie
962 1546 1212 1603 civitatem,
1254 1546 1440 1593 nomine
1478 1546 1750 1603 Savastiam,

349 1639 439 1684 que
467 1622 666 1669 condam
692 1623 915 1670 Sebasten
934 1622 1192 1685 Capadocie
1209 1622 1451 1670 dicebatur
1470 1623 1515 1669 i'n
1537 1639 1627 1685 qua
1645 1623 1754 1670 olim

347 1705 535 1747 sanctus
554 1699 747 1747 Basilius
767 1700 940 1763 prefuit
953 1700 1221 1763 episcopus,
1242 1701 1431 1748 Baizaco
1449 1717 1619 1765 magno
1641 1704 1755 1749 Tur-

347 1793 440 1840 quo
465 1776 794 1839 pertinentem,
824 1776 945 1823 inter
964 1777 1215 1839 Turquiam
1236 1782 1284 1824 et
1307 1777 1575 1824 Armeniam
1595 1777 1750 1835 sitam,

346 1854 549 1900 venisset
566 1859 612 1900 et
628 1853 749 1900 illam
768 1852 870 1917 chim
888 1853 1052 1900 diebus
1070 1853 1348 1910 obsedisset,
1370 1853 1418 1900 in
1435 1854 1640 1918 quinque
1658 1855 1755 1903 die-

347 1930 434 1977 bus
478 1946 617 1977 unam
660 1946 878 1993 magnam
918 1936 963 1977 et
1004 1930 1142 1976 altam
1185 1931 1353 1977 turrim
1393 1947 1542 1993 prope
1593 1947 1753 1978 muros

346 2006 570 2062 extruxit,
594 2006 653 2053 de
678 2024 770 2070 qua
794 2007 982 2054 videbat
1008 2023 1092 2070 per
1117 2012 1264 2054 totam
1290 2007 1546 2064 civitatem3
1576 2014 1622 2055 ct
1648 2024 1754 2055 cum

347 2083 473 2130 cives
486 2083 570 2130 hec
584 2082 825 2138 vidissent,
845 2100 928 2146 pre
945 2083 1112 2130 timore
1130 2083 1396 2130 deficientes
1411 2083 1530 2130 illico
1551 2084 1629 2131 tali
1645 2100 1755 2131 con-

347 2158 521 2205 ditione
547 2174 597 2205 se
617 2157 940 2216 reddiderunt,
958 2158 1085 2221 quod
1105 2159 1321 2221 promisit
1336 2159 1402 2206 eis
1419 2160 1547 2223 quod
1565 2160 1632 2208 eis
1649 2178 1754 2208 san-

347 2236 534 2300 guinem
554 2251 649 2282 non
675 2234 865 2282 faceret.
891 2236 980 2283 Sed
1008 2236 1257 2283 confestim
1276 2236 1402 2300 quod
1428 2236 1584 2283 villam
1609 2237 1755 2284 intra-

346 2313 428 2369 vit,
459 2311 675 2359 omnibus
709 2311 881 2358 divitiis
915 2328 1018 2359 eam
1049 2312 1283 2375 spoliavit,
1314 2313 1441 2359 viros
1467 2318 1515 2359 et
1535 2313 1753 2361 mulieres

347 2404 511 2435 omnes
534 2387 671 2450 cepit,
701 2387 909 2450 exceptis
936 2388 1110 2444 Grecis,
1142 2394 1188 2434 et
1213 2404 1295 2435 eos
1319 2388 1453 2435 vivos
1478 2395 1525 2436 et
1549 2395 1753 2436 armatos

349 2480 401 2511 ac
428 2463 616 2511 indutos
647 2479 796 2526 usque
825 2463 882 2510 ad
915 2480 1160 2511 numerum
1193 2465 1359 2529 xxxvjM
1398 2465 1471 2512 vel
1499 2464 1683 2512 circiter
1706 2465 1752 2512 in

349 2547 475 2587 terra
501 2540 674 2587 defossi
699 2539 822 2587 fecit.

414 2615 589 2662 Deinde
609 2615 801 2662 recessit
820 2621 866 2661 et
883 2630 1024 2677 super
1042 2616 1306 2679 Euphraten
1324 2617 1516 2664 fluvium
1532 2632 1754 2681 magnum

351 2691 575 2753 perrexit,
606 2689 763 2753 ibique
788 2689 987 2753 quadam
1013 2690 1087 2737 die
1112 2697 1293 2739 tantum
1315 2691 1373 2739 de
1398 2691 1555 2757 bargis
1581 2698 1627 2739 et
1649 2708 1753 2740 vas-
