1941 3294
373 330 440 367 142
642 332 1010 390 GHRpNOGRAPHIA
1036 330 1188 364 REGUM
1212 328 1490 362 FRANCORUM.
1660 324 1764 372 [1397

371 418 420 458 ut
459 411 664 458 facerent
697 410 890 472 quilibet
926 408 1133 455 habitum
1169 405 1425 454 secundum
1460 403 1577 451 velle
1606 420 1761 452 suum.

368 487 450 535 Die
475 503 590 534 vero
623 487 912 542 Animarum,
945 483 1008 530 illi
1036 482 1095 530 de
1124 484 1231 530 villa
1263 483 1498 530 duxerunt
1528 496 1610 527 eos
1646 495 1766 543 quos

368 563 724 625 hospitaverunt
742 561 801 609 ad
821 575 1040 624 magnam
1063 558 1303 606 ecclesiam
1328 560 1466 604 Beate
1484 555 1640 611 Marie,
1662 555 1765 618 qui—

368 638 456 686 bus
495 639 637 688 ceteri
675 638 733 686 de
763 637 870 684 villa
906 651 1098 699 magnas
1136 634 1412 682 elemosinas
1451 632 1765 679 contulerunt.

367 715 542 763 Deinde
581 719 811 761 venerunt
845 712 894 759 in
931 711 1169 759 Franciam
1204 727 1290 774 per
1328 709 1606 765 Almaniam,
1651 710 1769 756 Aus-

367 790 507 837 triam
535 795 582 837 et
606 789 865 843 Bavariam,
898 786 945 833 in
971 785 1141 848 quibus
1165 785 1379 849 partibus
1407 789 1571 849 gentes
1595 783 1768 831 elemo-

367 866 560 914 sinarias
586 864 848 928 specialiter
871 863 1166 910 invenerunt.

430 943 511 989 Die
539 941 692 988 Sancti
717 938 949 988 Vincencii
981 938 1190 1002 ejusdem
1221 937 1327 984 anni
1355 935 1763 990 MiCCC¹LXXXXVL

366 1024 501 1065 natus
521 1024 591 1064 est
610 1015 890 1072 Ludovicus,
910 1015 1032 1062 filius
1051 1014 1175 1078 regis
1194 1013 1401 1069 ancie,
1423 1012 1503 1076 qui
1522 1015 1768 1074 susceptus

365 1100 436 1141 est
458 1094 503 1140 in
531 1092 675 1141 sacris
699 1092 906 1140 fontibus
925 1109 949 1138 a
967 1091 1165 1139 ducibus
1184 1089 1503 1138 Aurelianensi
1522 1094 1570 1136 et
1589 1087 1768 1135 Borbo-

366 1169 561 1217 niensi1.

431 1247 651 1303 Sabbato,
680 1245 823 1293 tercia
848 1245 923 1292 die
950 1243 1172 1292 februarii
1198 1242 1429 1306 sequenti,
1453 1258 1539 1305 per
1563 1245 1769 1288 arestum

365 1322 663 1379 parlamenti,
687 1322 933 1369 comitatus
952 1320 1234 1384 Petragorici
1249 1320 1528 1366 confiscatus
1542 1323 1613 1365 est
1627 1320 1769 1364 Fran-

365 1415 527 1446 corum
563 1399 664 1462 regi
699 1404 896 1461 propter
927 1396 1200 1451 homicidia,
1247 1393 1462 1442 incendia
1500 1398 1547 1440 et
1581 1392 1769 1455 rapinas

366 1476 603 1538 multaque
642 1475 728 1522 alia
761 1492 853 1537 que
895 1472 1274 1522 Archaenbaldus
1317 1487 1474 1519 comes
1517 1471 1691 1518 fecerat
1723 1469 1770 1515 in

366 1551 660 1615 petragorica
691 1551 920 1606 civitate‘2,
951 1548 1341 1612 condempnando
1372 1546 1592 1595 eumdem
1625 1544 1771 1594 comi-

367 1633 463 1674 tem
504 1627 563 1674 ad
613 1626 931 1674 fondationem
975 1626 1175 1673 duarum
1219 1624 1528 1687 capellarum,
1571 1637 1770 1686 quarum

369 1709 564 1766 utraque
593 1709 717 1750 esset
749 1703 808 1750 de
839 1709 955 1749 xxve
990 1701 1118 1749 libris
1153 1700 1476 1764 parisiensium
1511 1697 1766 1755 annuatim,

368 1797 458 1843 que
477 1786 632 1828 essent
655 1780 702 1827 in
723 1779 971 1826 donatione
996 1779 1121 1841 regis
1147 1777 1337 1825 Francie
1359 1782 1406 1824 et
1424 1776 1470 1823 in
1488 1774 1632 1839 xxxvj
1651 1773 1771 1821 mili-

368 1857 455 1904 bus
499 1857 724 1904 librarum
762 1855 1087 1919 parisiensium
1128 1870 1238 1918 erga
1281 1858 1465 1917 partem
1507 1851 1770 1916 injuriatam

368 1933 521 1997 primo
557 1939 663 1980 ante
699 1949 860 1996 regem
897 1932 984 1979 sibi
1015 1930 1286 1978 solvendam
1321 1945 1374 1976 ac
1407 1927 1576 1976 eodem
1599 1927 1768 1975 comite

367 2009 554 2057 exiliato
575 2027 599 2056 a
626 2026 771 2073 regno
791 2008 1000 2055 Francie.

431 2088 564 2135 Anno
589 2085 770 2133 Domini
795 2085 847 2131 M⁰
862 2084 968 2132 ccc⁰
987 2083 1290 2145 nonagesimo
1315 2080 1400 2131 V11⁰
1421 2079 1549 2127 venit
1567 2079 1770 2127 Parisius

367 2163 582 2219 Karolus,
606 2178 689 2208 rex
713 2165 916 2208 Navarre
934 2165 980 2207 et
997 2164 1213 2222 receptus
1239 2164 1309 2205 est
1334 2157 1588 2205 honorifice
1608 2174 1635 2204 a
1658 2171 1770 2219 rege

367 2239 583 2294 Francie3
618 2238 925 2299 exieruntque
960 2236 1145 2283 obviam
1179 2235 1220 2282 ei
1252 2235 1395 2282 duces
1425 2233 1617 2290 Biturie,
1655 2235 1771 2279 Bur-

367 2315 555 2380 gundie,
579 2313 920 2362 Aurelianensis
940 2319 987 2360 et
1009 2312 1239 2360 Borbonie
1260 2327 1365 2359 cum
1384 2311 1595 2374 pluribus
1621 2309 1766 2356 aliis3.

416 2469 448 2503 1.
473 2467 524 2504 Le
542 2467 590 2504 22
605 2467 759 2515 janvier
780 2466 868 2504 1397
892 2468 943 2511 (n.
967 2470 1014 2502 st.
1031 2486 1077 2492 —
1091 2466 1299 2510 chronique
1313 2466 1362 2500 du
1378 2465 1564 2509 Reliqieum
1582 2463 1625 2498 de
1644 2463 1768 2500 Saint-

369 2529 496 2573 Denys,
521 2531 548 2562 t.
570 2526 623 2573 Π,
640 2537 676 2573 p.
700 2525 795 2572 522).

415 2586 450 2622 2.
472 2585 579 2622 Cette
608 2585 695 2622 date
724 2590 761 2622 et
790 2585 845 2620 les
873 2584 1162 2620 circonstances
1189 2582 1352 2619 relatees
1382 2586 1469 2618 sont
1497 2580 1587 2618 bien
1613 2585 1770 2617 exactos

371 2645 500 2688 (Arch.
523 2650 620 2692 nat.,
642 2644 719 2681 X2A
737 2643 795 2691 13,
823 2643 882 2679 fol.
910 2644 973 2679 171
996 2650 1049 2679 νο.
1076 2663 1123 2669 —-
1148 2642 1204 2679 Cf.
1228 2643 1434 2687 Chronique
1453 2642 1503 2676 du
1523 2641 1710 2685 Reliquum
1728 2640 1771 2675 de

367 2705 622 2750 Saint-Denys,
647 2710 675 2741 t.
697 2703 748 2750 ΙΙ,
770 2714 806 2749 p.
830 2703 896 2739 644
918 2702 940 2738 ἐι
962 2702 1055 2748 650).

416 2763 448 2799 3.
476 2763 573 2799 Vers
601 2764 634 2799 le
664 2765 1000 2799 commencement
1028 2760 1073 2797 de
1098 2760 1223 2806 juillet
1252 2759 1339 2796 1397
1363 2759 1581 2805 (chronique
1599 2759 1649 2794 du
1671 2759 1766 2794 Reli-
