1941 3294
384 340 449 377 166
659 343 1028 376 CHRONOGRAPHIA
1056 343 1208 374 REGUM
1231 342 1507 374 FRANCORUM.
1673 339 1777 385 [1398

445 420 644 468 Consilio
658 420 812 483 itaque
828 425 1104 484 patruorum
1119 435 1309 466 suorum
1322 418 1589 475 Lincastrie,
1607 419 1685 482 qui
1698 419 1778 466 ali-

382 503 452 545 ter
475 497 626 544 facere
657 513 750 544 non
776 497 945 560 potuit,
972 496 1167 544 Eboraci
1199 501 1245 543 et
1276 496 1471 543 aliorum
1503 495 1562 542 de
1589 496 1778 543 consilio

379 574 538 638 regali,
571 573 798 621 sententia
824 573 947 636 regis
969 572 1064 619 dux
1089 572 1401 620 Arvordensis
1421 571 1632 619 exulatus
1657 578 1729 619 est
1752 590 1780 619 a

378 667 524 714 regno
551 666 638 713 per
662 649 938 697 decennium
966 647 1053 695 sub
1079 664 1195 711 pena
1229 648 1546 711 suspensionis
1575 655 1621 696 et
1645 648 1779 695 deca-

377 726 645 790 pitationis;
673 726 790 773 alter
816 741 930 771 vero
954 730 1186 787 perpetuo
1207 726 1417 773 exulatus
1443 730 1530 771 est.

443 803 619 861 Quibus
653 803 715 849 ita
740 802 906 866 gestis,
944 818 1029 847 rex
1068 801 1182 849 abiit
1218 802 1277 849 ad
1317 818 1452 849 suum
1484 807 1688 848 castrum
1721 801 1780 848 de

377 880 695 934 Windezores‚
726 878 944 940 misitque
983 878 1092 925 inde
1127 878 1295 926 ducem
1337 878 1635 926 Sudriensem
1673 894 1780 925 cum

377 956 468 1003 xxti
493 956 680 1003 milibus
701 961 1019 1018 pugnatorum
1049 954 1097 1000 in
1129 954 1398 1001 Hiberniam
1427 961 1590 1001 contra
1617 954 1781 1001 Hiber-

377 1031 559 1077 nienses
608 1029 909 1076 rebellionem
961 1029 1301 1086 machinantes,
1360 1046 1466 1077 cum
1521 1029 1780 1077 intensione

376 1123 483 1154 eum
507 1111 670 1168 postea
692 1105 985 1168 insequendi.
1009 1105 1078 1152 Ibi
1095 1121 1299 1167 namque
1317 1105 1485 1167 prefati
1508 1105 1602 1152 duo
1621 1106 1781 1153 exules

376 1182 434 1229 ad
456 1197 619 1245 regem
642 1182 931 1237 accedentes,
956 1181 1014 1228 ab
1033 1198 1089 1228 eo
1117 1181 1305 1228 licencia
1326 1181 1469 1243 petita
1494 1187 1541 1227 et
1569 1181 1776 1238 obtenta,

375 1264 702 1306 recesserunt:
734 1258 931 1321 primus,
967 1257 1139 1304 scilicet
1164 1256 1474 1304 Arvordensis
1509 1256 1779 1304 exulaturus

374 1335 421 1381 in
462 1334 703 1382 Franciam
743 1333 1086 1389 transfretavit3
1135 1333 1231 1380 dux
1271 1349 1385 1379 vero
1425 1332 1780 1380 Mortuoldensis

374 1410 631 1459 Almaniam
671 1410 803 1473 petiit
840 1416 886 1456 et
926 1409 1057 1466 inde,
1098 1426 1235 1456 causa
1269 1409 1490 1455 orationis
1531 1408 1781 1456 Jherosoli-

375 1503 501 1534 mam
533 1487 694 1544 adivit,
737 1487 815 1550 qui
854 1503 946 1533 non
983 1486 1180 1533 multum
1213 1493 1337 1549 post,
1374 1486 1487 1533 dum
1519 1485 1626 1532 inde
1657 1485 1781 1532 redi-

374 1570 463 1620 ret,
495 1564 716 1613 Venecias
748 1563 881 1627 gravi
919 1562 1189 1609 infirmitate
1216 1563 1449 1616 detentus,
1479 1562 1537 1609 ab
1568 1562 1654 1609 hac
1678 1562 1780 1609 luce

375 1639 608 1703 migravit.

438 1717 586 1761 Porro
613 1713 710 1761 dux
728 1713 957 1760 Arvordie
983 1731 1009 1760 a
1028 1713 1217 1770 Karolo,
1244 1729 1354 1777 rege
1374 1714 1565 1761 Francie
1591 1720 1638 1761 et
1660 1715 1780 1778 opti-

374 1791 576 1838 matibus
602 1790 698 1837 suis
731 1789 987 1837 honorifice
1017 1795 1252 1853 receptus,
1281 1791 1505 1837 remansit
1533 1797 1630 1838 tam
1655 1791 1780 1838 Pari-

374 1868 468 1915 sius
492 1883 634 1930 quam
652 1866 814 1913 Meldis
839 1873 884 1913 et
905 1866 1030 1922 alibi,
1054 1866 1113 1913 ad
1139 1882 1370 1929 expensas
1393 1866 1602 1930 ejusdem
1622 1867 1776 1915 Karoli

372 1943 513 2007 regis,
538 1942 669 2005 quasi
691 1943 848 2006 spacio
872 1943 1005 1989 unius
1025 1941 1151 1989 anni.
1178 1942 1369 1990 Interim
1392 1948 1527 2005 pater
1545 1942 1660 2006 ejus,
1682 1942 1779 1990 dux

372 2018 730 2074 Lincastrensis‚
775 2019 1031 2073 Johannes,
1080 2025 1391 2082 cognomento
1433 2019 1491 2066 de
1537 2019 1774 2076 Gandavo,

372 2095 594 2158 princeps
615 2100 832 2142 strenuus
852 2102 899 2142 et
918 2094 1152 2158 probitate
1172 2095 1325 2142 clarus
1345 2095 1391 2141 in
1410 2094 1590 2159 Anglia,
1611 2094 1775 2149 obiit1;

372 2171 591 2218 ducatum
618 2170 748 2235 cujus
774 2187 858 2218 rex
879 2171 1057 2235 Anglie,
1090 2187 1235 2233 nepos
1256 2171 1371 2234 ejus,
1402 2171 1597 2218 saisivit.

436 2247 614 2296 Eodem
631 2264 752 2295 anno
768 2248 941 2295 scilicet
958 2248 1203 2295 millesimo
1219 2253 1323 2296 CCC⁰
1341 2247 1641 2312 nonagesimo
1654 2255 1775 2305 vln⁰‚

371 2325 573 2371 intrante
599 2323 977 2387 Quadragesima‚
1005 2339 1116 2387 rege
1148 2323 1333 2371 Boemie
1365 2329 1412 2370 et
1437 2323 1644 2370 Almanie
1669 2339 1776 2371 cum

372 2401 490 2449 duce
516 2400 831 2457 Missenensi2,
862 2400 1168 2462 pluribusque
1200 2399 1455 2447 baronibus
1486 2400 1581 2448 suis
1606 2406 1653 2447 et
1678 2400 1777 2447 aliis

371 2476 415 2523 in
444 2493 528 2524 suo
554 2477 724 2524 ducatu
749 2476 807 2523 de
838 2476 1168 2540 Luxemburgo
1195 2475 1442 2533 existente,
1471 2493 1557 2523 rex
1582 2476 1772 2523 Francie
1825 2465 1830 2469 ’

372 2629 466 2665 dans
478 2629 515 2664 la
529 2630 754 2674 Chronicque
766 2631 851 2664 dela
862 2632 1003 2664 tra'ison
1015 2633 1046 2664 et
1063 2633 1159 2664 mort
1170 2630 1211 2664 de
1222 2630 1375 2665 Richart
1385 2630 1491 2664 deum.
1506 2628 1559 2664 Le
1569 2628 1775 2675 Religieux

371 2687 416 2722 de
439 2687 708 2734 Saint-Denys
732 2689 769 2730 (t.
792 2686 844 2732 ΙΙ,
866 2698 901 2733 p.
925 2686 1003 2727 672)
1026 2688 1132 2733 prete
1163 2698 1211 2723 au
1237 2687 1311 2724 duc
1337 2698 1390 2722 un
1417 2687 1578 2734 langage
1606 2687 1774 2733 precise-

371 2752 478 2781 ment
499 2746 650 2782 inverse
671 2746 717 2782 de
739 2746 838 2782 celui
859 2746 949 2793 qu'il
970 2746 1068 2781 tient
1089 2745 1151 2781 ici.

421 2805 451 2838 l.
476 2804 528 2839 Le
550 2804 622 2839 duc
641 2803 687 2840 de
710 2804 919 2839 Lancastre
940 2808 1095 2839 mourut
1116 2804 1149 2839 le
1169 2804 1189 2839 ‘2
1211 2803 1349 2840 sevrier
1371 2803 1459 2840 1399
1483 2806 1534 2847 (n.
1558 2804 1634 2845 sm.

419 2862 452 2897 2.
476 2862 534 2899 Ou
555 2863 678 2910 plutot
699 2863 733 2899 le
753 2862 924 2910 marquis
945 2862 991 2898 de
1012 2862 1194 2898 Meissen.
