1941 3294
217 275 320 322 1394]
491 278 863 311 CHRONOGRAPHIA
888 278 1041 311 REGUM
1065 278 1343 311 FRANCORUM.
1552 276 1613 312 121

213 358 423 421 predicte
465 357 786 406 Universitatis
829 357 1096 405 parisiensis
1144 357 1358 420 pervenit
1398 357 1617 404 noticiam

213 434 471 480 cardinales
492 433 538 479 in
563 449 694 479 suam
722 433 994 480 electionem
1024 432 1341 490 convenisse¹‚
1374 433 1452 479 tali
1478 439 1616 496 pacto

213 510 339 573 quod
380 509 555 574 juravit
593 509 760 569 cedere
801 527 888 573 pro
927 510 1095 558 unione
1133 509 1334 557 Ecclesie
1373 510 1618 572 quociens-

213 603 413 649 cumque
444 585 639 650 collegio
671 586 971 633 dominorum
1007 585 1306 633 cardinalium
1344 586 1419 633 vel
1452 586 1617 650 majori

212 665 333 727 parti
385 680 548 712 eorum
595 663 835 711 videretur
885 664 1155 728 expedire2‚
1210 664 1456 711 confestim
1510 681 1617 711 suas

211 740 383 788 direxit
405 740 582 787 litteras
609 740 800 803 prefatis
820 743 943 803 Pape
963 740 1212 788 Benedicto
1238 747 1284 787 et
1303 740 1617 788 cardinalibus

212 833 354 880 super
396 816 517 864 dicta
559 817 727 863 unione
765 822 922 864 sancte
960 817 1040 864 Dei
1077 816 1278 864 Ecclesie
1322 823 1369 864 et
1411 817 1457 863 in
1501 817 1619 864 hanc

210 894 408 940 formam
433 911 441 940 :

280 989 300 1014 (ι
344 972 657 1033 Quamquam,
709 973 843 1017 Pater
884 969 1222 1025 sanctissime3‚
1270 969 1384 1017 dum
1430 970 1487 1017 ad
1532 987 1618 1018 nos

215 1066 234 1091 a
266 1046 443 1109 perlata
477 1047 562 1094 fuit
594 1047 773 1094 romani
806 1047 1102 1110 pontificatus
1134 1046 1328 1104 vacatio,
1364 1047 1461 1094 zelo
1492 1046 1619 1110 pacis

214 1141 233 1165 α
266 1122 467 1169 Ecclesie
505 1122 847 1170 ferventissime
886 1122 1116 1177 succensi,
1165 1139 1306 1185 quam
1349 1139 1492 1185 super
1533 1123 1618 1170 alia

213 1216 233 1241 (ι
267 1214 452 1260 queque
493 1215 518 1244 a
558 1197 694 1244 nobis
739 1197 1002 1245 desiderata
1041 1197 1304 1244 restitutam
1347 1198 1620 1261 conspicere

215 1293 234 1317 «
265 1273 521 1337 impensius
549 1290 735 1337 semper
761 1274 1043 1336 optavimus,
1069 1273 1269 1320 dominis
1289 1274 1615 1330 cardinalibus,

214 1369 234 1394 α
266 1357 317 1397 ut
351 1366 483 1397 suam
515 1350 787 1397 electionem
824 1350 1060 1398 celebrare
1091 1350 1427 1414 aliquantisper
1461 1345 1617 1398 differ-

214 1446 234 1470 <‹
262 1432 393 1481 rent,
433 1426 593 1473 humili
627 1426 911 1489 cordialique
948 1426 1113 1473 affectu
1153 1427 1613 1489 supplicavissemus‚

212 1522 232 1546 α
269 1502 642 1566 [existimantes]
700 1503 788 1550 hoc
844 1508 979 1565 pacto
1032 1518 1171 1565 posse
1228 1502 1375 1549 multo
1438 1502 1615 1550 facilius

212 1597 232 1622 «
264 1578 503 1641 leviusque
538 1595 638 1626 rem
673 1585 917 1642 tantopere
948 1579 1179 1641 quesitam
1215 1579 1432 1635 obtineri,
1470 1579 1614 1626 altera

212 1674 231 1698 α
264 1654 684 1718 expugnandorum
728 1662 774 1702 et
817 1655 1027 1702 validiori
1074 1662 1206 1718 parte
1254 1655 1311 1702 de
1353 1655 1616 1703 vivencium

212 1750 232 1774 <z
264 1730 419 1777 medio
454 1731 680 1778 subducta
714 1731 943 1794 simulque
976 1731 1109 1778 veriti
1147 1748 1204 1778 ne
1240 1731 1368 1795 quod
1404 1748 1617 1778 nonnun-

213 1827 231 1851 <‹
263 1824 421 1870 quam,
440 1814 490 1854 ut
509 1808 679 1854 assolet
698 1808 742 1854 in
762 1807 949 1864 talibus,
967 1808 1101 1855 avida
1116 1808 1421 1855 interveniret
1434 1808 1617 1856 aliunde

211 1903 231 1928 α
263 1884 510 1947 cupiditas,
546 1885 703 1948 sicque
736 1901 829 1932 non
866 1885 1008 1932 modo
1049 1901 1158 1948 spes
1199 1886 1351 1932 omnis
1389 1885 1618 1933 scismatis

212 1979 232 2005 α
265 1960 530 2008 eradicandi
580 1961 836 2024 intercepta
885 1961 1151 2016 excideret;
1203 1978 1370 2009 verum
1421 1962 1615 2025 insuper

211 2055 231 2080 c(
263 2026 446 2084 radices
472 2053 659 2084 rursum
681 2037 816 2084 altius
837 2053 976 2101 agere
1003 2037 1247 2100 inciperet.

276 2132 295 2156 a
327 2115 581 2176 Postquam
624 2120 780 2161 tamen
830 2114 1017 2161 indubie
1060 2114 1360 2177 conperimus
1407 2115 1615 2178 prefatos

212 2208 231 2232 α
264 2188 479 2236 dominos
514 2196 701 2237 nostros
733 2190 991 2237 cardinales
1026 2190 1071 2237 in
1104 2197 1310 2238 vestram
1341 2191 1616 2239 electionem

211 2284 230 2309 <t
264 2266 363 2328 pari
391 2273 437 2312 et
462 2283 666 2313 consona
704 2283 816 2314 voce
848 2267 1147 2330 unanimique
1180 2285 1410 2315 consensu
1446 2285 1617 2316 conve-

256 2397 288 2431 1.
313 2396 385 2431 Les
407 2395 618 2432 cardinaux
648 2396 865 2442 d'Atniens,
895 2395 1084 2434 d'Alhano
1106 2404 1144 2434 et
1163 2397 1208 2434 de
1231 2398 1364 2445 Thury
1393 2398 1616 2434 notifierent

207 2464 254 2488 au
284 2452 339 2488 roi
366 2452 412 2488 de
442 2452 606 2497 France,
635 2453 667 2489 le
697 2453 741 2490 30
771 2454 1002 2500 septembre,
1031 2455 1222 2492 l⁷electi0n
1253 2455 1298 2491 de
1328 2455 1470 2492 Benoit
1500 2455 1613 2501 XIII,

207 2510 370 2556 laquelle
392 2510 495 2546 avait
516 2520 563 2545 eu
586 2509 660 2545 lieu
683 2510 716 2547 le
740 2511 783 2547 28
805 2511 1035 2558 septembre.

253 2569 286 2604 2.
313 2570 522 2614 Chronique
546 2570 597 2604 du
620 2570 806 2615 Reliyieuoe
823 2571 864 2605 de
881 2571 1144 2617 Saint-Denys,
1171 2576 1197 2607 t.
1221 2571 1272 2617 II,
1293 2582 1328 2618 p.
1355 2571 1433 2608 198.

254 2629 287 2665 3.
310 2629 370 2665 Du
396 2630 556 2675 Boulay,
587 2631 749 2665 Historia
774 2632 1028 2666 universitatis
1058 2633 1288 2672 parisiensis,
1321 2636 1346 2667 t.
1371 2631 1442 2674 IV,
1464 2642 1500 2677 p.
1531 2632 1613 2676 713,

209 2687 411 2733 Froissart,
427 2688 484 2724 ed.
509 2689 670 2735 Kervyn
685 2687 730 2724 de
752 2688 1008 2735 Lettenhove,
1029 2694 1056 2726 t.
1077 2690 1165 2736 XV,
1188 2702 1222 2737 p.
1241 2690 1324 2734 4⁶28,
1346 2696 1384 2725 et
1405 2690 1614 2736 Chronique.

206 2748 256 2782 du
276 2748 460 2793 Reli-qima·
480 2749 521 2783 de
541 2748 798 2793 Sainc-Denys,
823 2756 850 2785 t.
875 2749 928 2795 11,
948 2761 982 2796 p.
1009 2749 1090 2786 206.
