1941 3294
216 257 319 302 1382]
489 259 857 292 CHRONOGRAPHIA
882 260 1035 292 REGUM
1059 258 1338 291 FRANGORUM.
1565 253 1606 289 37

215 345 285 387 tes
315 339 440 403 quod
471 338 632 386 civitas
667 344 713 385 et
743 338 940 386 diocesis
972 338 1173 385 Parisius
1207 337 1444 385 solverent
1470 354 1610 384 unam

213 416 401 463 tailliam
431 416 490 463 de
520 415 753 478 octoginta
786 415 971 463 milibus
1001 414 1186 471 francis,
1223 414 1282 461 de
1309 414 1477 476 quibus
1511 413 1614 476 ipse

212 492 405 539 haberet
441 491 501 539 ad
536 508 670 538 suum
709 491 954 554 proficium
989 490 1233 538 duodecim
1260 490 1401 546 milia,
1431 495 1477 537 et
1508 495 1613 536 octo

213 569 337 616 milia
368 573 714 631 exponerentur
739 567 785 614 in
824 567 1194 631 reparationibus
1219 566 1470 623 civitatis1;
1501 566 1616 613 resi-

214 645 356 692 duum
379 661 493 691 vero
517 650 771 707 poneretur
793 644 838 690 in
865 644 1078 691 manibus
1111 659 1272 691 eorum
1295 649 1342 690 et
1367 643 1617 690 distrihue-

213 728 342 768 retur
379 720 590 767 soldariis
627 720 750 784 regis
780 720 966 783 quando
999 720 1180 767 exirent
1213 725 1373 767 contra
1406 719 1617 766 inimicos

212 797 361 861 regni,
389 803 434 843 et
457 813 542 859 per
561 797 649 843 hoc
674 796 1025 844 remitterentur
1046 796 1200 843 omnia
1226 795 1284 843 ab
1305 797 1371 843 eis
1397 795 1617 842 forefacta

212 890 238 919 a
264 874 338 921 die
370 874 518 936 prima
553 873 713 920 marcii
743 879 788 920 et
823 873 954 929 citra,
985 873 1112 936 quod
1148 872 1293 920 eciam
1321 889 1406 920 rex
1434 872 1619 919 tolleret

214 967 323 997 suos
339 951 551 997 homines
577 966 834 1005 armorum,
859 966 912 997 ac
938 950 1070 998 daret
1094 949 1160 997 eis
1180 950 1357 996 litteras
1377 948 1618 996 continen-

212 1032 283 1072 tes
318 1027 442 1089 quod
470 1033 684 1090 tempore
722 1027 880 1074 futuro
906 1027 1083 1073 nullum
1109 1026 1282 1089 populo
1306 1025 1617 1089 prejudicium

212 1102 385 1150 faceret
403 1110 540 1165 atque
562 1102 784 1165 quittaret
804 1118 967 1149 omnes
992 1101 1312 1165 impositiones
1333 1107 1380 1147 et
1400 1100 1614 1147 auxilia2.

276 1182 342 1226 Eo
358 1184 485 1236 tunc,
503 1195 589 1225 rex
604 1178 717 1226 abiit
735 1177 1021 1226 Suessionis3
1041 1184 1087 1224 et
1107 1177 1293 1224 vocavit
1313 1177 1370 1224 ad
1389 1193 1439 1224 se
1456 1193 1620 1223 omnes

213 1254 391 1303 nobiles
426 1261 471 1302 et
506 1255 680 1302 clerum
719 1255 851 1319 regni
887 1253 981 1310 sui3
1019 1254 1150 1318 cujus
1191 1253 1395 1300 mandati
1432 1269 1618 1301 causam

213 1331 364 1379 nullus
381 1332 572 1388 sciebat,
596 1331 678 1378 sed
698 1330 1053 1394 suspicabantur
1078 1330 1208 1377 multi
1233 1329 1360 1393 quod
1386 1330 1475 1377 hoc
1497 1336 1620 1377 esset

212 1407 270 1455 ad
297 1407 639 1471 subjugandum
665 1407 948 1454 Parisienses
973 1412 1019 1453 et
1043 1411 1222 1453 ceteras
1243 1406 1375 1452 villas
1400 1405 1550 1470 regni.

277 1483 373 1531 Hiis
412 1483 577 1531 diebus
612 1483 658 1530 in
697 1483 938 1530 Franciam
976 1483 1229 1530 advenerat
1274 1499 1430 1530 comes
1475 1482 1614 1538 Licie‚

213 1559 430 1607 dominus
449 1559 697 1607 Mascaudii
716 1560 760 1606 in
779 1558 968 1623 dyocesi
989 1558 1353 1615 cathalanensi&
1371 1558 1493 1605 filius
1507 1575 1622 1605 con-

260 1683 294 1717 1.
317 1681 419 1718 G’est
440 1681 462 1716 ὲ
483 1693 546 1718 ces
569 1681 825 1728 propositions
852 1680 1096 1728 pecuniaires
1117 1692 1191 1727 que
1214 1680 1347 1717 Pierre
1373 1680 1531 1717 Cochon
1552 1680 1620 1716 fait,

214 1740 379 1776 allusion
399 1740 495 1776 dans
517 1751 558 1775 sa
579 1741 787 1785 Chronz'que
806 1741 1010 1775 normantia
1031 1742 1078 1786 (p.
1104 1740 1206 1784 170);
1229 1739 1328 1774 mais
1349 1739 1375 1775 il
1398 1739 1452 1775 les
1472 1740 1577 1787 place
1598 1739 1620 1774 {1

213 1809 288 1834 une
309 1798 396 1834 date
416 1804 454 1834 61
474 1798 570 1834 dans
590 1798 655 1834 des
675 1798 966 1834 circonstances
987 1798 1197 1834 inexactes.

259 1856 293 1892 2.
317 1857 488 1902 Comme,
511 1856 658 1903 d’apres
684 1857 719 1892 16
746 1856 952 1903 Religieux
978 1857 1023 1892 de
1052 1856 1321 1904 Saint-Denys
1349 1858 1388 1903 (1.
1411 1858 1443 1904 Ι,
1463 1869 1499 1904 p.
1525 1858 1618 1903 156),

212 1914 372 1952 charles
394 1915 451 1950 VI
472 1915 512 1951 fit
533 1926 602 1951 son
624 1916 755 1951 entree
777 1915 799 1950 a
822 1915 930 1951 Paris
950 1915 1050 1951 deux
1068 1915 1175 1962 jours
1202 1917 1313 1962 apres
1334 1916 1370 1951 la
1390 1916 1620 1952 conference

211 1974 256 2010 de
279 1974 535 2010 Saint-Denis
562 1980 599 2010 61
621 1985 771 2011 comme
799 1974 954 2011 celle—ci
981 1980 1045 2011 eut
1072 1975 1148 2010 lieu
1173 1975 1207 2010 le
1230 1975 1272 2011 18
1293 1975 1384 2021 mai,
1407 1975 1432 2010 il
1456 1975 1621 2011 faudrait

212 2045 261 2070 en
288 2033 468 2070 conclure
494 2044 567 2081 que
597 2033 756 2070 l’entree
787 2034 918 2080 royale
949 2039 1014 2070 eut
1040 2033 1117 2069 lieu
1139 2033 1172 2069 16
1194 2033 1238 2070 ‘20
1260 2033 1338 2069 mai
1359 2038 1396 2070 et
1415 2045 1488 2081 que
1510 2035 1543 2069 le
1565 2035 1619 2070 roi

210 2091 325 2138 partit
345 2091 380 2128 le
400 2091 441 2127 21
465 2091 556 2127 mai.
576 2091 674 2127 Mais
697 2091 731 2127 16
752 2091 797 2128 20
818 2091 895 2127 mai
916 2092 968 2127 M.
991 2092 1037 2127 E.
1061 2091 1177 2137 Petit,
1198 2091 1294 2127 dans
1316 2103 1378 2128 ses
1404 2094 1552 2138 Se‘jours
1579 2094 1620 2128 de

215 2151 363 2186 charles
390 2151 432 2186 Vl
451 2153 498 2197 (p.
523 2151 596 2196 13),
617 2151 684 2187 fait
705 2151 811 2199 loger
831 2151 865 2187 16
886 2153 943 2187 roi
964 2151 986 2186 ἐι
1005 2151 1137 2187 Melun
1157 2151 1335 2199 jusqu'au
1357 2152 1400 2188 29
1422 2152 1513 2198 mai,
1530 2153 1619 2189 hieu

211 2219 285 2255 que
311 2210 346 2244 16
370 2208 414 2244 27
435 2209 512 2244 mai
542 2209 608 2245 des
635 2210 767 2246 lettres
794 2210 944 2257 royales
972 2210 1076 2246 aient
1103 2221 1244 2247 encore
1265 2211 1325 2246 ete
1350 2211 1551 2257 expediees
1573 2212 1618 2248 de

214 2267 471 2303 Saint-Denis
501 2267 640 2308 (Douet
666 2267 824 2316 d'Arcq,
849 2269 962 2305 Choz'oe
990 2270 1031 2304 de
1054 2271 1168 2315 pieces
1195 2271 1346 2305 ineditas
1372 2273 1540 2305 relatives
1569 2282 1619 2305 au

213 2329 320 2372 reque
340 2328 381 2362 de
402 2327 551 2363 Char-les
579 2328 631 2371 VJ,
656 2332 683 2363 1.
699 2327 732 2374 1,
747 2338 782 2374 p.
803 2328 876 2374 37),
892 2333 929 2363 et
951 2333 1102 2364 surtout
1123 2328 1160 2364 la
1182 2329 1390 2373 Clzronique
1409 2330 1468 2364 des
1488 2333 1619 2373 quatre

208 2388 387 2432 premiers
409 2386 524 2421 Valoz's
540 2387 587 2432 (p.
605 2386 684 2431 303)
701 2386 754 2422 (111
770 2386 1054 2423 formellement
1070 2398 1142 2434 que
1158 2387 1315 2423 l'entree
1331 2387 1375 2423 de
1392 2387 1552 2423 charles
1568 2388 1619 2424 VI

212 2456 252 2481 se
273 2445 314 2480 fit
335 2445 368 2480 16
386 2444 546 2491 lerjuin.
568 2458 582 2478 «
602 2445 694 2480 Puis
714 2445 803 2482 bien
824 2445 935 2492 brief,
954 2460 968 2480 »
987 2446 1114 2493 ajoute
1131 2452 1229 2482 cetto
1252 2446 1481 2493 chronique,
1499 2460 1515 2479 «
1534 2447 1617 2484 vint

211 2504 246 2540 16
277 2514 345 2550 roy
366 2503 388 2538 ’91
418 2503 684 2550 Maubuisson,
714 2517 728 2538 1)
760 2507 808 2541 ou
837 2505 890 2540 M.
920 2505 963 2541 E.
993 2505 1094 2541 Petit
1123 2506 1283 2551 (deours
1311 2507 1352 2541 de
1384 2506 1535 2543 Charles
1562 2507 1615 2549 VJ,

211 2574 246 2610 p.
272 2563 327 2608 14)
350 2563 385 2598 16
406 2568 539 2599 trouve
562 2562 595 2598 16
617 2563 637 2599 6
655 2563 753 2610 juin.

261 2621 294 2657 3.
317 2621 377 2657 On
398 2626 532 2657 trouve
554 2620 713 2657 Charles
735 2621 790 2657 VI
811 2621 832 2657 ἐι
854 2622 1378 2659 Saint-Mars-lcs-Soissons
1400 2633 1447 2658 ou
1470 2623 1492 2658 εὶ
1509 2623 1616 2660 Sois-

214 2691 305 2717 sons
325 2680 373 2716 du
396 2680 415 2716 3
437 2692 486 2716 au
508 2680 550 2717 13
572 2681 661 2717 aout
684 2681 738 2727 (Ε.
762 2681 878 2728 Petit,
899 2681 1046 2727 SeJ'ours
1066 2684 1108 2718 de
1131 2683 1279 2718 Charias
1306 2683 1357 2725 VI,
1381 2694 1416 2729 p.
1443 2683 1511 2727 14).

260 2739 293 2774 4.
316 2738 390 2775 J‘ai
421 2739 506 2786 de'jit
535 2739 682 2787 signale
709 2739 746 2776 la
765 2741 891 2776 meme
921 2751 1054 2777 erreur
1075 2742 1175 2789 (voy.
1197 2752 1324 2787 supra,
1349 2747 1375 2778 t.
1398 2742 1449 2788 ΙΙ,
1472 2754 1507 2789 p.
1531 2743 1614 2789 323,

213 2804 303 2834 note
323 2797 368 2840 6).
