1941 3294
296 228 363 265 ‘258
570 232 940 264 CHRONOGRAPHIA
967 230 1117 261 REGUM
1140 229 1416 262 FRANCORUM.
1587 228 1690 274 [1405

299 328 319 353 α
348 309 458 365 lum,
473 309 648 356 clarum
663 315 733 355 est
747 307 874 370 quod
895 307 992 353 fere
1006 312 1129 352 totus
1143 306 1291 353 tendit
1305 306 1362 353 ad
1383 306 1691 368 perditionem

300 404 320 429 <x
351 391 545 448 propter
565 385 766 447 dampna
788 400 877 446 que
903 382 1163 429 inferuntur
1184 383 1250 429 eis
1275 400 1301 429 a
1319 383 1488 429 vestris
1514 383 1692 432 ballivis

300 481 320 505 «
351 477 403 507 ac
427 460 695 524 prepositis,
720 458 981 523 specialiter
1006 458 1239 514 firmariis,
1265 465 1312 505 et
1336 458 1434 505 aliis
1460 459 1692 506 officiariis

300 556 320 580 <t
351 554 404 584 ac
423 537 569 583 eciam
589 553 673 599 per
694 542 873 583 ceteros
900 533 1110 580 homines
1132 550 1369 581 armorum
1391 535 1487 596 qui,
1511 542 1563 581 ut
1583 535 1693 582 dici-

300 632 319 657 «
352 619 443 669 tur,
462 613 559 660 sine
573 629 708 659 causa
724 627 864 673 super
880 626 986 656 eum
1007 609 1144 657 nimis
1159 610 1237 657 diu
1253 610 1427 657 detenti
1448 610 1635 657 fuerunt
1648 617 1693 657 et

299 708 318 733 <z
352 689 501 736 adhuc
518 689 658 736 modo
673 692 905 741 tenentur,
925 691 970 732 et
984 686 1212 748 quosdam
1227 687 1355 742 alios,
1375 686 1433 733 de
1451 702 1545 748 quo
1560 686 1694 733 dubi-

299 786 318 810 «
348 766 541 813 tandum
562 772 631 812 est
657 781 714 810 ne
738 767 858 810 Deus
878 769 1039 809 contra
1061 778 1145 809 vos
1171 762 1392 809 accendat
1416 763 1535 809 iram
1562 778 1693 809 suam

299 861 318 886 ε(
349 842 435 888 nisi
472 841 560 888 alio
592 840 733 887 modo
768 838 1072 902 provideatis.
1101 842 1271 886 Notum
1296 844 1367 886 est
1393 839 1590 901 qualiter
1609 839 1695 885 ini-

299 937 318 961 «
349 917 455 964 mici
482 917 625 964 vestri
651 915 944 979 temporibus
968 915 1165 978 Philippi
1191 921 1238 962 et
1263 915 1501 971 Johannis,
1529 931 1695 979 regum

298 1013 318 1038 c<
347 993 535 1040 Francie
557 992 944 1055 predecessorum
965 997 1248 1047 vestrorum,
1270 997 1316 1037 et
1336 996 1690 1054 consequenter,

297 1088 316 1113 a
349 1070 491 1116 multa
513 1069 715 1131 dampna
741 1068 950 1115 fecerunt
975 1067 1021 1114 in
1048 1083 1192 1131 regno
1214 1073 1390 1123 vestro,
1414 1084 1467 1114 ac
1487 1074 1696 1129 postmo-

298 1165 317 1190 ε(
349 1145 461 1192 dum
480 1143 778 1200 Richardum,
799 1159 962 1207 regern
979 1143 1157 1206 Anglie,
1177 1142 1321 1189 filiurn
1343 1148 1554 1189 vestrum
1574 1142 1696 1206 lega-

298 1241 317 1265 «
349 1221 457 1277 lem,
486 1237 632 1284 regno
665 1237 747 1267 suo
780 1220 1084 1283 privaverunt
1110 1225 1156 1266 et
1187 1235 1383 1266 uxorem
1410 1219 1525 1282 ejus,
1554 1219 1696 1265 filiam

298 1318 316 1341 α
348 1304 569 1353 vestram,
601 1303 761 1343 contra
788 1297 1093 1352 voluntatem,
1124 1295 1202 1342 diu
1232 1295 1531 1342 detinuerunt
1556 1302 1696 1358 atque

298 1393 317 1416 <t
349 1373 498 1420 adbuc
523 1373 729 1419 detinent
755 1389 813 1418 ex
844 1372 932 1418 hiis
959 1388 1050 1434 que
1074 1377 1286 1434 spectant
1316 1371 1376 1418 ad
1406 1371 1548 1427 illam,
1577 1373 1697 1419 mul-

299 1468 317 1492 «
352 1457 423 1496 tos
459 1449 598 1495 etiam
630 1450 675 1495 in
713 1449 829 1495 mari
855 1448 914 1495 de
940 1448 1110 1495 vestris
1143 1447 1363 1511 subjectis
1389 1447 1624 1495 nobilibus
1650 1455 1697 1495 et

298 1544 318 1568 <1
351 1525 686 1572 mercatoribus
707 1530 1007 1579 necaverunt,
1025 1531 1214 1587 treugas
1234 1525 1375 1570 etiam
1396 1524 1636 1587 fregerunt
1651 1530 1698 1571 et

299 1621 318 1645 <x
351 1618 549 1665 regnum
567 1608 776 1648 vestrum
793 1601 950 1647 multiS
968 1601 1012 1646 in
1030 1600 1143 1647 locis
1161 1600 1320 1663 predis
1334 1606 1379 1646 et
1396 1600 1579 1663 ignibus
1594 1617 1698 1647 vas-

298 1697 317 1722 «
348 1684 580 1734 taverunt,
614 1677 786 1724 scilicet
811 1677 858 1723 in
886 1676 1110 1732 Picardia,
1134 1676 1366 1734 Flandria,
1395 1677 1693 1733 Normannia,

295 1773 314 1797 <‹
348 1754 579 1800 Britannia
614 1760 660 1800 et
691 1753 986 1816 Aequitania,
1028 1753 1105 1800 ubi
1142 1753 1344 1815 dampna
1378 1753 1697 1816 irreparabilia

296 1850 315 1874 ε(
348 1830 574 1877 fecerunt.
604 1830 969 1886 Nichillominus,
994 1829 1303 1877 illustrissime
1331 1829 1536 1883 domine,
1559 1846 1698 1894 guer-

296 1926 316 1950 (ι
348 1922 450 1953 ram
469 1922 609 1968 quam
627 1912 789 1952 contra
805 1906 1017 1953 inimicos
1038 1912 1220 1954 vestros
1236 1906 1509 1953 exercuistis
1527 1906 1697 1953 obmit-

296 2002 315 2027 ιι
346 1989 444 2029 tere
480 1999 573 2029 non
605 1982 834 2039 ducimus,
866 1983 1104 2045 quoniam,
1135 1983 1172 2029 si
1201 1983 1289 2030 hoc
1319 1984 1469 2040 fieret,
1499 1999 1697 2047 magnus

295 2077 315 2102 c<
350 2064 507 2121 posset
533 2058 754 2120 imputari
781 2057 989 2105 defectus
1024 2058 1068 2104 in
1103 2058 1294 2104 consilio
1320 2064 1478 2105 vestro
1502 2063 1699 2122 propter

295 2153 314 2178 «
348 2134 681 2181 dissentionem
703 2150 794 2195 que
814 2139 884 2180 est
903 2134 1024 2180 inter
1044 2134 1235 2181 eosdem
1256 2133 1466 2181 inimicos
1486 2140 1532 2181 et
1552 2134 1697 2181 eciam

296 2230 315 2254 ι(
347 2226 566 2274 guerram
586 2226 726 2272 quam
742 2209 914 2256 habent
932 2227 991 2257 ex
1007 2227 1098 2257 una
1116 2217 1249 2273 parte
1265 2219 1425 2257 contra
1443 2210 1698 2258 Wallenses

297 2308 315 2331 «
347 2293 393 2334 et
419 2303 477 2333 ex
503 2287 588 2334 alia
615 2292 747 2350 parte
771 2291 932 2332 contra
959 2288 1145 2341 Scotos;
1173 2287 1251 2349 qui
1279 2287 1316 2333 si
1343 2287 1698 2349 pacificarentur

296 2383 315 2407 c<
349 2362 509 2426 pejora
544 2361 781 2425 prioribus
820 2369 1011 2424 possent
1040 2363 1086 2408 in
1117 2378 1264 2426 regno
1302 2369 1460 2410 vestro
1494 2362 1696 2426 dampna

297 2459 316 2483 α
349 2439 516 2486 facere.
560 2438 753 2486 Videtur
796 2438 917 2485 enim
934 2477 944 2495 ,
987 2445 1030 2485 et
1070 2438 1132 2485 ita
1174 2445 1267 2495 est,
1309 2439 1434 2503 quod
1476 2455 1696 2503 magnum

298 2535 316 2559 <‹
350 2515 462 2578 quid
500 2515 680 2562 habetis
714 2514 772 2561 ad
811 2515 1202 2562 manutenendam
1243 2532 1459 2579 guerram
1493 2522 1697 2563 vestram

298 2610 317 2634 <t
349 2598 444 2638 tam
470 2591 516 2637 in
543 2590 762 2638 domanio
785 2597 943 2638 vestro
970 2608 1109 2654 quam
1136 2592 1180 2638 in
1209 2592 1388 2639 auxiliis
1420 2608 1698 2656 guerrarum

299 2686 318 2711 ε(
352 2684 442 2730 que
468 2667 603 2715 vobis
628 2667 762 2714 fiunt.
796 2671 1006 2731 Insuper,
1043 2667 1132 2715 due
1164 2669 1366 2716 maxime
1395 2668 1515 2716 tallie
1547 2685 1699 2732 nuper
