1941 3294
348 350 414 387 182
616 353 985 387 GHRONOGRAPHIA
1010 351 1162 383 REGUM
1186 350 1464 383 FRANCORUM.
1635 346 1739 392 [1400

344 442 506 479 omne's
531 432 589 479 de
612 431 866 479 Midonhet1
895 429 954 476 ad
969 428 1226 492 juvandum
1252 444 1411 492 regem
1436 426 1734 474 Richardum.

343 511 446 555 Dux
482 524 669 570 quoque
703 506 962 560 Excestrie‚
1004 520 1160 551 comes
1194 503 1574 552 Hontintonensis
1609 503 1740 550 duxit

344 599 499 630 secum
527 583 784 630 exercitum
810 587 857 629 et
883 580 1036 628 omnia
1061 579 1273 628 victualia
1297 580 1401 626 ville
1424 579 1482 625 de
1506 579 1741 626 Midonhet

337 659 475 723 jussit
487 659 656 707 deferri
675 675 848 714 secum,
870 674 926 703 ne
947 673 1030 703 rex
1050 657 1298 704 Henrricus
1319 662 1396 703 aut
1417 655 1629 703 homines
1642 655 1740 719 ejus

344 751 395 782 ea
423 734 699 797 reperirent.

407 818 509 863 Dux
523 821 676 862 autem
691 812 952 862 Sudriensis
963 812 1184 875 equitavit
1198 829 1283 876 per
1293 818 1426 860 extra
1441 812 1595 859 villam
1606 812 1744 860 Exin-

344 891 492 938 fordie
506 908 558 938 ac
575 890 751 953 reperit
771 889 922 937 socios
943 905 1053 935 suos
1070 889 1194 951 apud
1208 888 1472 935 Houdescot
1487 890 1523 942 ²,
1541 888 1743 951 indeque

343 969 478 1015 simul
515 968 738 1015 abeuntes
775 966 1083 1014 Sucestriam3
1121 967 1256 1014 simul
1290 966 1425 1013 locati
1463 972 1569 1013 sunt
1607 970 1743 1012 extra

343 1045 520 1099 villam,
570 1044 805 1107 principes
845 1050 1000 1090 autem
1037 1058 1143 1089 cum
1184 1043 1366 1106 paucis,
1406 1042 1544 1105 proth
1581 1041 1738 1088 dolor!

342 1121 500 1168 relicto
523 1121 728 1168 exercitu
755 1121 799 1167 in
822 1120 997 1182 campis
1023 1135 1171 1182 prope
1197 1119 1370 1173 villam,
1400 1118 1536 1165 locati
1562 1122 1669 1164 sunt
1693 1116 1741 1162 in

342 1197 608 1252 castellum,
655 1196 827 1244 scilicet
876 1196 970 1243 dux
1019 1195 1285 1249 Excestrie‚
1339 1195 1434 1242 dux
1481 1192 1744 1242 Sudriensis

343 1279 534 1335 patruus
555 1279 601 1319 et
623 1289 768 1335 nepos
788 1278 832 1318 et
854 1271 1048 1319 comites
1062 1269 1502 1320 claudiocestrensis
1522 1275 1569 1316 et
1588 1271 1745 1315 Sares-

342 1348 584 1405 heriensis,
621 1348 916 1412 Magdalenus
948 1353 993 1394 et
1025 1347 1166 1394 ceteri
1201 1345 1585 1409 supranominati.
1621 1347 1746 1390 Inter

342 1441 460 1487 quos
491 1431 535 1471 et
573 1424 674 1471 illos
709 1424 767 1471 de
800 1424 905 1470 villa
941 1429 1042 1470 orta
1068 1430 1138 1470 est
1168 1423 1338 1470 sedicio
1373 1438 1459 1484 per
1493 1420 1745 1484 quemdam

341 1500 610 1563 sagitarium
636 1500 758 1564 regis
784 1500 990 1546 Henrrici
1014 1500 1091 1562 qui
1112 1505 1305 1546 venerat
1330 1505 1376 1545 et
1395 1498 1571 1545 locatus
1592 1497 1743 1544 fuerat

342 1592 491 1638 prope
517 1576 722 1639 prefatos
744 1576 995 1638 principes.

404 1659 517 1703 Nam
539 1672 643 1703 cum
671 1673 778 1703 eum
804 1656 1025 1718 suspendi
1053 1656 1148 1702 dux
1175 1655 1437 1702 Sudriensis
1469 1653 1744 1701 conestabu-

342 1733 453 1780 lario
485 1733 589 1779 ville
616 1733 834 1786 misisset,
866 1739 912 1779 et
942 1733 1029 1780 hoc
1052 1733 1202 1779 facere
1235 1726 1630 1779 conestabularius
1654 1730 1744 1776 dif-

341 1809 484 1855 ferret
517 1825 761 1871 quousque
794 1809 933 1856 sciret
973 1827 1029 1856 an
1064 1809 1136 1855 illa
1169 1808 1467 1872 congregatio
1503 1806 1743 1854 hominum

341 1901 581 1932 armorum
607 1886 740 1933 fieret
763 1902 821 1932 ex
850 1886 1085 1933 voluntate
1112 1885 1234 1948 regis
1261 1885 1486 1941 Henrrici,
1511 1884 1557 1930 in
1585 1883 1746 1931 crasti-

343 1977 452 2008 num
482 1961 880 2008 conestabularius
907 1978 1014 2008 cum
1040 1967 1120 2008 an
1147 1960 1375 2024 sagitariis
1400 1960 1527 2006 venit
1553 1959 1611 2007 ad
1636 1959 1744 2007 hos-

341 2036 514 2099 picium
552 2036 683 2084 ducis
718 2036 979 2084 Sudriensis
1013 2052 1066 2082 ac
1106 2035 1327 2082 arestavit
1368 2051 1475 2082 eum
1511 2051 1570 2081 ex
1611 2040 1744 2098 parte

341 2113 462 2175 regis
503 2112 730 2168 Henrrici,
771 2112 919 2159 donec
952 2113 1133 2159 locutus
1172 2111 1311 2158 fuerit
1350 2111 1449 2174 regi
1493 2111 1737 2158 Henrrico.

342 2192 467 2236 Tunc
497 2189 593 2236 dux
625 2188 908 2252 indignatus,
944 2189 1073 2235 dedit
1107 2189 1149 2235 ei
1183 2188 1299 2236 duas
1327 2188 1482 2251 alapas
1521 2205 1530 2234 :
1567 2204 1625 2234 ex
1651 2204 1744 2250 quo

342 2271 443 2312 orta
469 2271 539 2312 est
572 2265 742 2312 sedicio
775 2265 896 2311 inter
934 2265 1168 2327 principes
1199 2270 1245 2311 et
1278 2264 1379 2310 illos
1413 2264 1470 2311 de
1510 2263 1640 2320 villa,
1680 2264 1746 2311 sic

342 2340 468 2403 quod
500 2340 562 2386 illi
587 2339 645 2386 de
671 2340 777 2387 villa
809 2340 1134 2404 aggredientes
1167 2339 1428 2403 hospicium
1455 2339 1737 2403 principum,

343 2417 511 2464 multas
555 2417 744 2480 sagittas
783 2417 1038 2463 emiserunt
1075 2422 1234 2463 contra
1273 2432 1353 2463 eos
1394 2431 1447 2463 ac
1488 2415 1640 2479 primo
1685 2432 1742 2463 ex

342 2499 491 2540 tractu
531 2494 665 2541 unius
703 2493 868 2557 sagitte
906 2492 1177 2540 occiderunt
1218 2493 1383 2540 ducem
1422 2492 1738 2548 Sudriensem,

397 2670 424 2703 1.
451 2667 718 2704 Maidenhead.

392 2727 425 2761 ⁶2.
451 2725 703 2763 Woodstock.

395 2784 428 2819 3.
451 2783 683 2821 Circenster.
