1941 3294
352 320 396 357 92
623 322 993 355 CHRONOGRAPHIA
1018 321 1171 354 REGUM
1195 321 1473 353 FRANCORUM.
1527 315 1745 362 [1387-1393

350 402 539 451 Francie
572 419 714 466 super
744 402 992 466 populum;
1024 400 1137 447 item
1168 400 1215 447 in
1249 399 1484 448 februario
1514 399 1742 463 sequenti.

415 479 622 528 Secunda
657 479 732 526 die
756 479 871 543 jullii
903 477 1009 525 anni
1040 476 1085 524 Mi
1103 476 1201 526 CCCi
1223 483 1485 533 LXXXVIIIm,
1518 475 1747 539 publicate

347 561 455 603 sunt
480 555 632 603 littere
658 555 705 601 in
729 555 1037 611 Parlamento,
1069 553 1357 600 continentes
1378 551 1505 615 quod
1534 568 1618 598 rex
1645 552 1748 614 qui-

346 633 475 680 tabat
507 631 700 695 vinginti
741 631 926 678 francos
959 646 1077 692 quos
1114 629 1325 692 capiebat
1363 644 1504 692 super
1538 627 1748 675 modium

348 709 472 766 salis,
502 724 609 755 cum
635 724 716 755 sex
740 706 943 754 denariis
969 722 1111 769 super
1136 706 1301 753 libram
1324 705 1543 753 Parisius.
1573 703 1747 752 Deinde

346 784 614 848 imponebat
635 799 775 830 unam
795 798 1008 846 grossam
1026 781 1232 837 tailliam,
1257 798 1348 844 que
1374 779 1631 843 colligenda
1649 785 1748 827 erat

345 862 392 908 in
417 861 568 908 tribus
593 859 821 916 terminis,
857 857 1030 906 scilicet
1055 858 1099 905 in
1128 858 1218 905 fine
1246 857 1456 921 ejusdem
1482 856 1674 912 mensis,
1701 856 1748 902 in

344 937 435 983 fine
461 934 742 998 septembris
767 939 813 980 et
833 933 954 980 circa
979 933 1136 980 Natale
1162 932 1387 979 Domini1.

408 1011 504 1058 Hiis
529 1009 822 1073 temporibus
844 1009 1043 1056 decessit
1067 1009 1268 1056 Parisius
1287 1012 1380 1056 Leo
1406 1008 1464 1056 de
1484 1008 1743 1072 Lizigneyo,

343 1104 427 1134 rex
453 1087 670 1134 Armenie
697 1092 743 1133 et
768 1086 813 1132 in
840 1085 1033 1133 ecclesia
1065 1084 1447 1133 Celestinencium
1467 1085 1588 1148 jacet
1613 1083 1748 1131 inhu-

343 1165 541 1211 matus2.
571 1166 706 1210 Pater
725 1162 850 1209 enim
874 1161 1009 1225 hujus
1030 1160 1154 1225 regis
1171 1160 1405 1217 Armenie,
1428 1160 1554 1207 velut
1579 1159 1748 1222 prede-

341 1257 500 1288 cessor
516 1257 626 1287 suus
644 1238 858 1286 subditus
875 1255 928 1285 ac
944 1237 1220 1285 tributarius
1237 1243 1336 1284 erat
1356 1236 1548 1284 soldano
1565 1235 1748 1284 Babilo-

345 1317 437 1372 nie,
455 1316 757 1363 rebellionem
774 1314 1021 1370 meditans,
1037 1331 1064 1360 a
1081 1314 1302 1362 fidelitate
1320 1313 1498 1361 soldani
1515 1312 1743 1360 discessit.

341 1395 543 1455 Accepto
568 1408 715 1456 regno
742 1408 826 1439 suo
853 1396 900 1438 et
926 1391 1022 1438 suis
1045 1391 1307 1453 captivatis,
1333 1396 1471 1453 caput
1497 1390 1596 1454 ejus
1622 1389 1747 1436 idem

341 1469 560 1516 soldanus
601 1467 833 1531 amputari
871 1466 1033 1528 jussit,
1075 1466 1259 1530 regina,
1303 1483 1450 1514 uxore
1497 1466 1595 1530 ejus
1637 1481 1745 1513 cum

342 1545 525 1593 duobus
545 1544 650 1592 filiis
677 1543 790 1600 suis,
821 1559 1021 1606 quorum
1048 1542 1201 1590 minor
1226 1546 1317 1590 Leo
1343 1542 1615 1598 vocabatur,
1639 1559 1746 1589 eva-

342 1620 481 1668 dente
500 1636 553 1667 ac
574 1620 619 1666 in
643 1619 834 1683 Ciprum
853 1619 912 1666 ad
937 1635 1101 1683 regem
1127 1618 1267 1682 Cipri,
1297 1619 1374 1681 qui
1403 1625 1628 1683 cognatus
1647 1623 1746 1665 erat

341 1697 544 1744 filiorum
563 1696 678 1760 ejus,
698 1695 885 1759 navigio
902 1694 1127 1759 fugiente,
1144 1694 1225 1742 ubi
1243 1710 1422 1742 moram
1439 1695 1583 1742 traxit
1598 1694 1746 1742 multo

341 1779 574 1837 tempore.

389 1911 423 1945 1.
445 1909 498 1944 Le
519 1908 725 1955 Religieux
752 1906 798 1943 de
826 1906 1096 1953 Saint-Denys
1126 1909 1165 1951 (t.
1194 1906 1226 1953 Ι,
1254 1917 1290 1953 p.
1322 1906 1402 1952 520)
1434 1906 1501 1942 fait
1529 1906 1696 1943 allusion
1724 1907 1746 1942 a

340 1978 417 2003 une
439 1966 687 2002 ordonnance
706 1975 775 2012 par
793 1965 959 2012 laquelle
977 1977 991 1999 «
1011 1964 1057 1999 ad
1072 1964 1233 2001 terciam
1249 1969 1398 2011 partem
1414 1964 1591 2001 fecerunt
1611 1975 1745 2001 ascen-

342 2039 358 2059 «
381 2025 471 2061 dere
492 2038 508 2058 »
533 2030 617 2060 tant
638 2024 674 2059 la
694 2023 841 2070 gabelle
862 2023 913 2058 du
935 2023 990 2059 sel
1010 2034 1083 2070 que
1104 2023 1250 2070 l'impot
1271 2034 1337 2058 sur
1358 2023 1413 2059 les
1435 2022 1741 2059 marchandises.

387 2084 421 2119 2.
444 2083 550 2119 Le'on
570 2082 615 2118 de
638 2082 849 2129 Lusignan,
874 2081 930 2117 roi
950 2080 1190 2126 d'Armenie,
1213 2086 1370 2117 mourut
1391 2080 1412 2115 a
1434 2080 1544 2116 Paris
1566 2080 1599 2116 le
1620 2081 1664 2116 29
1680 2090 1744 2116 no-

340 2142 498 2179 vembre
513 2142 616 2178 1393.
635 2141 792 2178 Charles
808 2141 865 2177 VI
878 2141 931 2176 lui
951 2141 1053 2176 avait
1074 2140 1230 2187 assigne
1251 2150 1328 2176 une
1348 2140 1511 2186 pension
1531 2140 1744 2176 mensuelle

340 2200 386 2236 de
408 2201 474 2237 500
496 2200 623 2236 francs
644 2200 744 2242 d'or;
770 2199 815 2235 de
837 2210 905 2236 son
927 2200 1027 2244 cote,
1049 2199 1082 2235 le
1104 2199 1161 2235 roi
1181 2198 1450 2246 d’Angleterre
1472 2198 1506 2233 le
1529 2198 1679 2234 combla
1698 2197 1743 2233 de

340 2259 449 2294 dons.
473 2258 529 2294 Cf.
553 2258 588 2294 le
609 2257 813 2304 Religieux
828 2256 873 2293 de
890 2256 1174 2303 Saint-Denys,
1196 2263 1223 2292 t.
1246 2255 1298 2301 II,
1320 2268 1355 2302 p.
1380 2255 1461 2292 112.
1483 2256 1536 2291 Le
1557 2256 1614 2292 roi
1634 2255 1743 2291 d’Ar-

339 2317 468 2353 menie
489 2316 605 2352 laissa
625 2327 678 2351 un
698 2315 834 2351 batard
856 2326 921 2350 sur
943 2315 1069 2362 lequel
1090 2326 1143 2350 un
1166 2314 1298 2350 article
1319 2313 1409 2349 d’un
1431 2314 1508 2350 role
1531 2313 1578 2350 de
1599 2324 1742 2350 recom-

340 2375 580 2422 mandaffion,
602 2375 750 2422 envoye
778 2385 846 2421 par
873 2373 1032 2409 Charles
1059 2373 1128 2418 VI,
1160 2373 1287 2408 donne
1314 2373 1496 2420 quelques
1518 2373 1742 2420 renseigne-

340 2439 470 2471 ments
487 2447 494 2469 2
514 2448 530 2468 (ι
546 2434 645 2470 Item
666 2433 757 2480 qu'il
777 2432 897 2479 plaise
919 2433 940 2467 a
960 2438 1090 2468 nostre
1111 2431 1223 2467 Saint
1243 2432 1335 2467 Pere
1357 2431 1463 2467 avoir
1482 2442 1578 2478 pour
1598 2442 1742 2467 recom-

343 2507 358 2527 «
382 2493 521 2529 mende
550 2493 639 2540 Guy
666 2491 906 2537 d’Armenie,
927 2491 967 2526 fil
997 2490 1151 2526 naturel
1181 2490 1226 2526 de
1256 2490 1317 2526 feu
1348 2490 1382 2525 le
1410 2501 1478 2536 roy
1503 2488 1741 2535 d'Armenie‚

343 2566 359 2586 «
383 2552 510 2599 lequel
530 2557 586 2588 est
607 2551 629 2587 a
650 2551 802 2587 l’escole
823 2557 861 2586 et
882 2561 904 2586 a
924 2555 1038 2597 grant
1057 2550 1210 2585 volente
1231 2549 1275 2585 de
1296 2548 1482 2595 aprendre
1504 2553 1541 2583 et
1561 2547 1606 2583 de
1620 2558 1742 2595 ypro·

344 2625 359 2644 «
382 2611 481 2656 fiter,
504 2616 540 2646 et
561 2610 613 2646 lui
633 2609 837 2657 pourveoir
856 2608 1021 2644 d’aucun
1043 2608 1214 2644 benefice
1234 2607 1325 2644 dont
1347 2607 1372 2642 il
1393 2607 1496 2653 puist
1515 2606 1621 2643 vivre
1642 2607 1743 2642 hon-

343 2682 358 2702 «ι
383 2674 621 2713 nestement,
660 2666 860 2703 considere
894 2666 1018 2701 l'estat
1050 2665 1095 2701 de
1127 2677 1197 2701 son
1230 2666 1291 2702 seu
1320 2675 1427 2711 pere;
1458 2670 1495 2699 et
1524 2665 1589 2710 luy
1615 2663 1744 2700 diront

345 2741 358 2760 «
384 2726 588 2763 l'affection
609 2737 682 2773 que
704 2726 738 2761 le
759 2725 845 2772 Roy
860 2736 882 2760 a
897 2724 1001 2761 audit
1016 2725 1103 2770 Guy
1122 2737 1135 2758 n
1155 2724 1269 2769 (Bibl.
1288 2730 1385 2769 nat„
1401 2723 1509 2759 fonds
1526 2722 1620 2759 latin
1634 2722 1742 2767 9071,

344 2794 386 2821 n⁰
407 2786 478 2830 25).
