1941 3294
200 281 302 327 1396]
472 282 841 316 CHRONOGRAPHIA
867 282 1020 315 REGUM
1043 282 1322 314 FRANGORUM.
1529 279 1593 316 137

197 362 305 410 dem
324 379 464 426 quem
489 361 674 426 piritem
694 367 862 429 vocant
882 362 969 409 ista
990 360 1138 426 gignit
1162 367 1208 408 et
1227 361 1274 408 in
1294 379 1345 408 ea
1371 367 1442 409 est
1461 378 1596 410 mons

197 440 423 503 Olimpus,
452 437 785 486 transcendens
825 455 949 495 aera,
994 455 1135 502 super
1161 454 1302 501 quem
1332 438 1595 503 philosophi

195 516 497 563 ascendentes
538 514 745 562 fecerunt
787 515 961 579 figuras
998 515 1042 562 in
1084 515 1295 578 pulvere,
1336 532 1453 579 quas
1486 522 1593 580 post

194 609 368 640 annum
393 591 687 655 reperierunt
707 590 875 638 illesas.

260 671 466 731 Cumque
491 668 663 715 dictam
695 668 983 731 Nichopolim
1012 668 1247 715 civitatem
1268 667 1387 718 xv⁰³¹³¹
1413 667 1594 715 dierum

193 746 350 809 spacio
376 744 670 792 obsedissent
693 750 739 791 et
755 743 850 807 jam
877 744 1119 792 minitores
1138 745 1321 792 comitis
1340 745 1596 793 Nivernen-

193 822 255 869 sis
292 838 441 884 usque
475 820 522 867 in
562 820 801 868 castellum
836 827 880 867 et
920 821 1160 869 minitores
1198 821 1322 886 regis
1363 822 1596 886 Hungarie

192 915 340 961 usque
358 899 405 944 in
432 897 668 945 civitatem
688 897 787 944 vias
806 897 1009 944 occultas
1030 898 1148 945 infra
1168 903 1344 945 terram
1365 898 1424 945 ad
1444 898 1598 961 ingre-

191 974 414 1022 diendum
435 973 794 1037 disposuissent,
819 991 1000 1021 necnon
1017 974 1112 1038 jam
1133 981 1295 1038 parata
1313 981 1421 1022 sunt
1441 974 1596 1021 omnia

191 1051 250 1099 ad
275 1050 613 1114 imponendum
639 1051 813 1114 ignem,
844 1067 949 1098 ecce
975 1051 1090 1098 hora
1120 1051 1319 1114 prandii,
1354 1068 1437 1098 rex
1464 1067 1596 1098 man-

190 1127 319 1174 davit
349 1126 569 1174 omnibus
594 1133 644 1174 ut
670 1127 913 1175 confestim
940 1134 1236 1174 armarentur
1261 1134 1458 1191 propter
1484 1131 1591 1174 Tur-

189 1221 269 1252 cos
294 1205 374 1269 qui
398 1205 634 1253 modicum
660 1205 718 1252 ab
745 1205 811 1252 eis
836 1205 1071 1252 distabant
1095 1211 1141 1252 et
1166 1205 1223 1252 ad
1251 1222 1415 1253 eorum
1442 1211 1597 1252 exter-

189 1281 384 1330 minium
404 1283 676 1328 venerant1.

253 1362 380 1406 Tunc
398 1359 518 1405 illico
536 1358 798 1415 Christiani,
823 1358 1042 1406 omnibus
1055 1358 1245 1414 relictis,
1270 1359 1599 1422 equitaverunt

188 1435 321 1498 quasi
360 1435 517 1498 spacio
554 1434 754 1482 duarum
797 1435 1035 1482 leucarum
1073 1441 1149 1482 aut
1192 1435 1409 1499 amplius,
1449 1436 1599 1483 donec

186 1512 407 1560 viderunt
420 1516 593 1560 Turcos
614 1511 853 1559 ordinatos
874 1512 932 1559 ad
954 1512 1262 1575 preliandum,
1290 1512 1370 1575 qui
1395 1512 1596 1560 fixerant

186 1589 231 1636 in
264 1596 390 1637 terra
422 1589 606 1652 stipites
642 1589 822 1653 ligneos
851 1589 1162 1646 acuminatOS,
1195 1589 1449 1637 altitudinis
1478 1589 1595 1636 duo-

186 1682 294 1713 rum
340 1665 605 1713 cubitorum
649 1666 722 1713 vel
769 1665 891 1712 circa
936 1682 1021 1728 per
1067 1665 1405 1729 longitudinem
1445 1665 1595 1730 jactus

185 1741 321 1789 unius
355 1741 520 1789 baliste
550 1747 598 1788 et
623 1741 914 1788 latitudinem
945 1741 1082 1788 unius
1111 1741 1287 1794 lancee,
1321 1741 1463 1789 modo
1500 1757 1594 1803 quo

185 1819 236 1865 fit
262 1818 308 1865 in
328 1818 563 1882 garenniis
589 1817 909 1865 cuniculorum
935 1818 981 1864 in
1007 1818 1248 1865 Francia?

250 1895 458 1942 Primum
478 1894 634 1958 itaque
658 1895 858 1959 prelium
884 1912 909 1941 a
935 1911 1046 1959 rege
1064 1894 1298 1959 Hungarie
1323 1894 1430 1942 licet
1447 1895 1595 1943 invito

183 1988 457 2020 concessum
491 1978 562 2020 est
594 1972 782 2019 Francis
814 1977 859 2019 et
894 1972 1060 2019 ceteris
1087 1971 1464 2028 citramontanis3
1494 1989 1592 2020 ma-

183 2049 344 2096 luisset
378 2049 503 2096 enim
542 2049 774 2113 Hungaris
815 2049 911 2097 suis
946 2050 1256 2105 concessisse,
1299 2049 1386 2096 nisi
1426 2050 1591 2098 Franci

183 2125 453 2187 importune
502 2125 781 2188 petivissent
829 2143 837 2171 :
892 2125 1075 2172 volebat
1128 2131 1284 2173 autem
1324 2128 1591 2190 Hungaros,

182 2218 301 2264 quos
327 2201 484 2249 hostes
517 2202 677 2267 fugere
712 2218 854 2265 quam
889 2202 1051 2267 fugare
1089 2202 1349 2267 paratiores
1376 2209 1591 2260 noverat,

180 2278 367 2326 Francis
400 2294 680 2341 preponere,
719 2296 776 2326 ne
812 2279 902 2342 ipsi
941 2297 966 2326 a
996 2285 1131 2344 tergo
1164 2296 1329 2327 eorum
1365 2286 1593 2327 exeuntes

229 2409 262 2443 1.
286 2406 452 2444 Suivant
472 2408 506 2443 le
528 2408 734 2454 Religieux
754 2408 799 2445 de
821 2408 1087 2456 Saint-Denys
1103 2410 1143 2455 (t.
1160 2409 1212 2455 ΙΙ,
1229 2421 1265 2456 p.
1289 2410 1387 2455 500),
1409 2409 1464 2446 les
1486 2410 1591 2446 chre-

180 2466 282 2503 tiens
315 2471 451 2502 surent
482 2466 772 2514 positivement,
805 2467 841 2504 le
872 2468 916 2505 524
951 2468 1182 2515 septembre,
1217 2479 1290 2516 que
1324 2469 1380 2505 les
1416 2468 1592 2506 infideles

181 2526 469 2572 approchaient.
489 2526 563 2561 Sur
577 2527 633 2562 les
650 2526 935 2573 preliminaires
951 2532 988 2563 et
1002 2528 1040 2563 la
1053 2527 1211 2564 bataille
1226 2528 1368 2573 meme,
1382 2527 1465 2564 voir
1482 2528 1592 2564 Dela-

181 2583 270 2619 ville
291 2584 325 2619 le
348 2583 490 2629 Roulx,
522 2587 558 2620 la
579 2586 715 2621 France
734 2596 778 2621 en
802 2586 929 2622 Orient
949 2597 1000 2622 au
1019 2587 1111 2622 XIV⁰
1130 2589 1248 2629 siecle,
1282 2591 1319 2622 et
1342 2587 1455 2622 Revue
1476 2588 1590 2622 histo-

182 2644 302 2687 rique,
324 2647 351 2678 t.
374 2643 457 2686 LV,
481 2642 660 2690 mai-juin
682 2643 787 2688 1894,
806 2655 843 2691 p.
869 2644 951 2681 134.

227 2701 262 2737 2.
292 2701 325 2737 Il
351 2713 375 2748 y
407 2713 428 2737 a
455 2713 507 2737 un
533 2701 623 2749 plan
649 2701 694 2738 de
721 2703 757 2738 la
779 2702 937 2740 bataille
967 2703 1013 2740 de
1045 2703 1240 2750 Nicopolis
1273 2703 1368 2739 dans
1396 2703 1524 2740 l'AClas
1550 2705 1591 2739 dc

180 2759 355 2807 l’Empire
377 2761 560 2805 Ottomcm,
583 2772 650 2808 par
669 2761 765 2797 J.-J.
787 2762 950 2809 Hellert,
972 2762 1135 2809 plancho
1157 2761 1292 2798 XXV.
